=LDR  02466cam a2200709 u 4500
=001  012909923
=003  Uk
=005  20220331222602.0
=008  010816s2002\\\\paua\\\\\b\\\\001\0\eng\c
=FMT  \\$a  BK
=010  \\$a2001038800
=015  \\$aGBA430867$2bnb
=016  7\$a012909923$2Uk
=019  g\$aadv500454073X
=019  a\$aG07627060
=020  \\$a0781732247 :$cNo price
=035  \\$a(UkCU)0781732247
=035  \\$a(DNLM)101126166
=040  \\$aUkCU$dUk
=050  00$aRC685.H8$bK35 2002
=060  10$aWG 340$bK17k 2002
=082  00$a616.132$222
=100  1\$aKaplan, Norman M.,$d1931-
=245  10$aKaplan's clinical hypertension /$cNorman M. Kaplan, with a chapter by Ellin Lieberman ; editorial consultant, William Neal.
=246  3\$aClinical hypertension
=250  \\$a8th ed.
=260  \\$aPhiladelphia, Pa. ;$aLondon :$bLippincott, Williams & Wilkins,$cc2002.
=300  \\$ax, 550 p. :$bill. ;$c26 cm.
=336  \\$atext$2rdacontent
=337  \\$aunmediated$2rdamedia
=338  \\$avolume$2rdacarrier
=500  \\$aRev. ed. of: Clinical hypertension. 7th ed. c1998.
=504  \\$aIncludes bibliographical references and index.
=540  \\$aCurrent Copyright Fee: GBP18.50$c0$5Uk
=650  \0$aHypertension.
=650  12$aHypertension.
=700  1\$aLieberman, Ellin.
=700  1\$aNeal, William.
=700  1\$aKaplan, Norman M.,$d1931-$tClinical hypertension.
=852  71$aBritish Library$bSTI$cRES$k(XB)$hGU 75$2blsrissc
=852  41$aBritish Library$bDSC$jm03/23429
=966  \\$lACQUIS 14/05/2003
=CAT  \\$aBATCH$b00$c20040504$lTMP01$h1712
=CAT  \\$c20040504$lTMP01$h1713
=CAT  \\$aEXLIBRIS$c20040606$lBLL01$h1133
=CAT  \\$c20040612$lBLL01$h1942
=CAT  \\$a7732$b40$c20050623$lBLL01$h1309
=CAT  \\$aglobal_upd$b40$c20060417$lBLL01$h1527
=CAT  \\$aBATCH$b00$c20091211$lBLL01$h0056
=CAT  \\$aWR16_021$c20160610$lBLL01$h1943
=CAT  \\$aW1711-1225$c20171203$lBLL01$h1020
=CAT  \\$aBATCH-CLAB$c20220330$lBLL01$h1531
=CAT  \\$aIPL-CLA$c20220331$lBLL01$h2226
=CFI  0\$aCurrent Copyright Fee: GBP18.50$c0$e01-apr-2022$fGBP18.50$g0$hC$5Uk
=FIN  \\$aY$d20050623
=LDO  \\$aBANK$bhbk$c10/3/04
=LEO  \\$aMP8.0001800891
=SID  \\$aZ39$bLOC
=SRC  \\$aDSC01$bbibmp8.200404.2.ac
=SRC  \\$aLDS01$bbiblm.200404.2.aa
=STA  \\$aSUPPRESSED$bunable to determine reason for suppression
=LAS  \\$aIPL-CLA$b00$c20220331$lBLL01$h2226

