=LDR  02077cam a2200613 a 4500
=001  012917410
=003  Uk
=005  20041102164004.0
=008  030624s2004\\\\xxuac\\\\b\\\\001\0\eng\\
=FMT  \\$a  BK
=010  \\$a2003059950
=015  \\$aGBA441103$2bnb
=016  7\$a012917410$2Uk
=020  \\$a0721690572 :$c£130.00
=035  \\$a(DNLM)101183285
=040  \\$aDNLM/DLC$cDLC$dUk
=042  \\$aukblsr
=050  00$aRE451$b.C34976 2004
=060  10$aWW 260$bC35659 2004
=082  00$a617.742059$222
=245  00$aCataract surgery :$btechniques, complications and management /$ceditor, Roger F. Steinert ; associate editors, I. Howard Fine ... [et al.].
=250  \\$a2nd ed.
=260  \\$aPhiladelphia, Pa. ;$a[London] :$bSaunders,$cc2004.
=300  \\$axv, 639 p. :$bill. (some col.), ports. ;$c29 cm.
=336  \\$atext$2rdacontent
=337  \\$aunmediated$2rdamedia
=338  \\$avolume$2rdacarrier
=500  \\$aPrevious ed.: c1995.
=504  \\$aIncludes bibliographical references and index.
=650  \0$aCataract$xSurgery.
=650  \0$aCataract$xSurgery$xComplications.
=650  12$aCataract Extraction$xmethods.
=700  1\$aSteinert, Roger F.
=700  1\$aFine, I. Howard,$d1936-
=852  11$aBritish Library$bSTI$k(B)$h617.742
=852  41$aBritish Library$bDSC$jm04/.34456
=957  \\$tM/38388-18
=CAT  \\$a11317$b40$c20040514$lTMP01$h1444
=CAT  \\$a11317$b40$c20040514$lTMP01$h1446
=CAT  \\$aEXLIBRIS$c20040606$lBLL01$h1134
=CAT  \\$a10746$b40$c20041102$lBLL01$h1640
=CAT  \\$aBATCH$b00$c20091211$lBLL01$h0057
=CAT  \\$aBATCH$b00$c20091214$lBLL01$h0851
=CAT  \\$aBATCH$b00$c20091216$lBLL01$h0223
=CAT  \\$aWR16_021$c20160610$lBLL01$h1943
=CAT  \\$aW1711-1225$c20171203$lBLL01$h1020
=FIN  \\$aY
=LDO  \\$aCIP
=LEO  \\$aMP5.0000208660
=SID  \\$aZ39$bLOC
=SRC  \\$aLDS01$bbiblm.200404.2.aa
=SRC  \\$aBNB03$bbibmp5.200404.2.aa
=STA  \\$aSUPPRESSED$bunable to determine reason for suppression
=LAS  \\$aW1711-1225$b00$c20171203$lBLL01$h1020

