=LDR  01635ccm a2200481 a 4500
=001  012984761
=003  Uk
=005  20080502100448.0
=008  930325s1964\\\\xxu|||\||||||||||\\\und\|
=FMT  \\$a  MU
=019  d\$afj08500001
=019  c\$a2138657
=040  \\$aUk$cUk
=082  14$a780$215
=245  00$aRecent researches in the music of the Baroque era
=260  \\$aNew Haven, Conn :$bA-R Editions,$c1964-
=260  3\$aMiddleton, Wis. :$bA-R Editions.
=300  \\$c4.̊
=336  \\$anotated music$2rdacontent
=337  \\$aunmediated$2rdamedia
=338  \\$avolume$2rdacarrier
=500  \\$aUmbrella record
=852  \\$aBritish Library$bDSC$cMUSIC$xFor accurate British Library holdings see monograph title
=852  41$aBritish Library$bMUSIC$jG.1490./$oG$3Vol. 1-
=945  \\$aRECENT RESEARCHES IN THE MUSIC OF THE BAROQUE ERA.
=979  \\$aBritish Library$bDSC$j7305.089000N
=CAT  \\$a7988$b40$c20040906$lBLL01$h1444
=CAT  \\$a8870$b40$c20060504$lBLL01$h1628
=CAT  \\$a8870$b40$c20060505$lBLL01$h1053
=CAT  \\$a8870$b40$c20060505$lBLL01$h1151
=CAT  \\$a7988$b40$c20071022$lBLL01$h1528
=CAT  \\$a7988$b40$c20071022$lBLL01$h1529
=CAT  \\$a11696$b40$c20080502$lBLL01$h1004
=CAT  \\$aWR12-140$c20121101$lBLL01$h1843
=CAT  \\$aWR13.005$c20130323$lBLL01$h1226
=CAT  \\$aWR15_100$c20150913$lBLL01$h1615
=FIN  \\$aY
=LEO  \\$aMP15.0000440283
=LEO  \\$aMP10.0000482222
=SRC  \\$aCPM01$bbibmp15.200404.2.aa
=SRC  \\$aDSS01$bbibmp10.200404.2.aa
=STA  \\$aSUPPRESSED$bAcquisitions Use Only
=LAS  \\$aWR15_100$b00$c20150913$lBLL01$h1615

