=LDR  02814ccm a22006133a 4500
=001  012985107
=003  Uk
=005  20220114161723.0
=008  040907d\\\\\\\\\\\||\\|\||||||n\\\\\\\\\
=FMT  \\$a  MU
=019  d\$aae00010016
=019  d\$aae00010015
=082  14$a780$215
=100  1\$aBach, Johann Sebastian,$d1685-1750.
=245  10$aNeue Ausgabe sämtlicher Werke. Herausgegeben vom Johann-Sebastian-Bach-Institut Göttingen und vom Bach-Archiv Leipzig. Ser. i. Kantaten. Ser. ii. Messen, Passionen und Oratorische Werke. Ser. iii. Motetten, Choräle, Lieder. Ser. iv. Orgelwerke. Ser. v. Klavier- und Lautenwerke. Ser. vi. Kammermusikwerke. Ser. vii. Orchesterwerke. Ser. viii. Kanons, Musikalische Opfer, Kunst der Fuge.
=264  \1$aKassel :$bBärenreiter-Verlag,$c1954, etc.
=336  \\$anotated music$2rdacontent
=337  \\$aunmediated$2rdamedia
=338  \\$avolume$2rdacarrier
=500  \\$aUmbrella record
=500  \\$aSeries includes Kritische Berichte.
=500  \\$aUse N.11./ for reading room copies.
=500  \\$aUde H.910.a./ for stack copies.
=852  41$aBritish Library$bDSC$cMUSIC$xFor accurate British Library holdings see monograph title
=852  41$aBritish Library$bMUSIC$jH.910.a./$oH$3Vol.1.-
=852  41$aBritish Library$bMUSIC$jN.11./$oN$3Vol.1-
=985  \\$aCorrected by MS generated file for WR# 1805-0738
=985  \\$aDuplicate record 004184862 merged into umbrella record and deleted 6 November 2020, duplicate item and holdings records deleted.
=985  \\$aDuplicate record 004184861 merged into umbrella record and deleted 6 November 2020; associated item and holdings records deleted.
=CAT  \\$a7988$b40$c20040907$lBLL01$h1033
=CAT  \\$a3583$b40$c20041004$lBLL01$h1643
=CAT  \\$a9572$b40$c20041004$lBLL01$h1725
=CAT  \\$a3583$b40$c20041005$lBLL01$h1322
=CAT  \\$a9572$b40$c20041020$lBLL01$h1556
=CAT  \\$a11696$b40$c20050208$lBLL01$h1542
=CAT  \\$a4587$b40$c20060301$lBLL01$h1724
=CAT  \\$a8870$b40$c20060510$lBLL01$h1408
=CAT  \\$a7164$b40$c20060602$lBLL01$h1035
=CAT  \\$a8870$b40$c20060606$lBLL01$h1027
=CAT  \\$a8870$b40$c20060606$lBLL01$h1042
=CAT  \\$a3583$b40$c20060622$lBLL01$h1350
=CAT  \\$aWR12-140$c20121101$lBLL01$h1843
=CAT  \\$aWR15_100$c20150913$lBLL01$h1615
=CAT  \\$a8411$b40$c20191017$lBLL01$h1628
=CAT  \\$a12274$b40$c20201106$lBLL01$h1832
=CAT  \\$a12274$b40$c20201106$lBLL01$h1833
=CAT  \\$a12274$b40$c20201106$lBLL01$h1836
=CAT  \\$a12274$b40$c20220114$lBLL01$h1617
=CAT  \\$a12274$b40$c20220114$lBLL01$h1617
=LEO  \\$aMP15.0000022628
=LEO  \\$aMP15.0000022627
=SRC  \\$aCPM01$bbibmp15.200404.2.aa
=STA  \\$aSUPPRESSED$bAcquisitions Use Only
=LAS  \\$a12274$b40$c20220114$lBLL01$h1617

