=LDR  01243ccm a22003493a 4500
=001  012988242
=003  Uk
=005  20071022124511.0
=008  040909s\\\\\\\\\\\||\\|\||||||n\\\\\\\\\
=FMT  \\$a  MU
=082  14$a780$215
=100  1\$aMendelssohn-Bartholdy, Felix,$d1809-1847.
=245  \0$aLeipziger Ausgabe der Werke
=260  \\$aWiesbaden$bBreitkopf & Härtel
=336  \\$anotated music$2rdacontent
=337  \\$aunmediated$2rdamedia
=338  \\$avolume$2rdacarrier
=500  \\$aUmbrella record
=852  \\$aBritish Library$bDSC$cMUSIC$xFor accurate British Library holdings see monograph title
=852  41$aBritish Library$bMUSIC$jH.664.a./$oH$3Vol.1-
=CAT  \\$a7988$b40$c20040909$lBLL01$h1445
=CAT  \\$a4587$b40$c20060505$lBLL01$h1112
=CAT  \\$a4587$b40$c20060505$lBLL01$h1503
=CAT  \\$a8870$b40$c20060511$lBLL01$h0853
=CAT  \\$a4587$b40$c20061017$lBLL01$h1547
=CAT  \\$aBATCH-UPD$b40$c20070312$lBLL01$h1003
=CAT  \\$a11696$b40$c20071022$lBLL01$h1245
=CAT  \\$aBATCH-UPD$b40$c20100713$lBLL01$h1143
=CAT  \\$aWR12-140$c20121101$lBLL01$h1843
=CAT  \\$aWR15_100$c20150913$lBLL01$h1615
=STA  \\$aSUPPRESSED$bAcquisitions Use Only
=LAS  \\$aWR15_100$b00$c20150913$lBLL01$h1615

