=LDR  01429ccm a22003973a 4500
=001  013006319
=003  Uk
=005  20220114155107.0
=008  041005s\\\\\\\\\\\||\\|\||||||n\\\\\\\\\
=FMT  \\$a  MU
=082  14$a780$215
=100  1\$aHandel, George Frideric,$d1685-1759.
=245  \0$aHallische Händel-Ausgabe
=260  \\$aKassel$bBärenreiter
=336  \\$anotated music$2rdacontent
=337  \\$aunmediated$2rdamedia
=338  \\$avolume$2rdacarrier
=500  \\$aUmbrella record
=500  \\$aUse H.989.b./ for reading room copies.
=500  \\$aUse H.989./ for stack copies.
=852  \\$aBritish Library$bDSC$cMUSIC$xFor accurate British Library holdings see monograph title
=852  41$aBritish Library$bMUSIC$jH.989./$3Vol.1.-
=852  41$aBritish Library$bMUSIC$jH.989.b./$3Vol.1.-
=CAT  \\$a7988$b40$c20041005$lBLL01$h1404
=CAT  \\$a4587$b40$c20060224$lBLL01$h1620
=CAT  \\$a4587$b40$c20060505$lBLL01$h1116
=CAT  \\$a4587$b40$c20060505$lBLL01$h1503
=CAT  \\$a8870$b40$c20060510$lBLL01$h1643
=CAT  \\$a11696$b40$c20071022$lBLL01$h1245
=CAT  \\$aBATCH-UPD$b40$c20100629$lBLL01$h1609
=CAT  \\$a11814$b40$c20101015$lBLL01$h1417
=CAT  \\$aWR12-140$c20121101$lBLL01$h1843
=CAT  \\$aWR15_100$c20150913$lBLL01$h1615
=CAT  \\$aMFISHER$b40$c20220114$lBLL01$h1551
=STA  \\$aSUPPRESSED$bAcquisitions Use Only
=LAS  \\$aMFISHER$b40$c20220114$lBLL01$h1551

