=LDR  01298 cm a22003611a 4500
=001  013024556
=003  Uk
=005  20180809085840.0
=008  871204s1980\\\\au\sua\\\\\\\\\n\\\\\\\\\
=FMT  \\$a  MU
=040  \\$aDLC$cDLC$dDLC
=082  14$a780$215
=100  1\$aFux, Johann Joseph,$d1660-1741.
=245  10$aSämtliche Werke$cJohann Joseph Fux
=260  \\$aGraz, Austria :$bAkademische Druck- u. Verlagsanstalt,
=336  \\$anotated music$2rdacontent
=337  \\$aunmediated$2rdamedia
=338  \\$avolume$2rdacarrier
=500  \\$aUmbrella record
=500  \\$aSeries completed and closed 09082018, for new Fux series, see 019006461
=852  41$aBritish Library$bMUSIC$jH.25./$oH$3Vol.1.-
=852  \\$aBritish Library$bDSC$cMUSIC$xFor accurate British Library holdings see monograph title
=CAT  \\$a7988$b40$c20041027$lBLL01$h1354
=CAT  \\$a7988$b40$c20041027$lBLL01$h1424
=CAT  \\$a11696$b40$c20050930$lBLL01$h0952
=CAT  \\$a11696$b40$c20050930$lBLL01$h1000
=CAT  \\$a11696$b40$c20050930$lBLL01$h1007
=CAT  \\$aWR12-140$c20121101$lBLL01$h1843
=CAT  \\$aWR15_100$c20150913$lBLL01$h1615
=CAT  \\$a7988$b40$c20180809$lBLL01$h0858
=SID  \\$aZ39$bLOC
=STA  \\$aSUPPRESSED$bAcquisitions Use Only
=LAS  \\$a7988$b40$c20180809$lBLL01$h0858

