=LDR  01466 cm a2200409 a 4500
=001  013050616
=003  Uk
=005  20201124185754.0
=008  880330m19939999mc\zza\\\b\\\\\n\\\\lat\d
=FMT  \\$a  MU
=020  \\$a2878550005 (set)
=040  \\$aUk$bEng$cUk
=041  0\$alat$gfre$geng
=082  14$a780$215
=245  03$aLe Magnus liber organi de Notre-Dame de Paris /$cpublié sous la direction de Edward H. Roesner.
=260  \\$aMonaco :$bEditions de l'Oiseau-Lyre,$cc1993-<c2001 >
=336  \\$anotated music$2rdacontent
=337  \\$aunmediated$2rdamedia
=338  \\$avolume$2rdacarrier
=490  1\$aMusica Gallica
=500  \\$aUmbrella Record
=700  1\$aRoesner, Edward H.
=830  \0$aMusica Gallica.
=852  \\$aBritish Library$bDSC$cMUSIC$xFor accurate British Library holdings see monograph title
=852  41$aBritish Library$bMUSIC$jH.1185.t./$oH$3Vol.1-
=985  \\$aUpgraded by BSS-generated file for WR2011-1473
=CAT  \\$a7988$b40$c20041129$lBLL01$h1200
=CAT  \\$a11696$b40$c20050509$lBLL01$h1203
=CAT  \\$a11696$b40$c20050509$lBLL01$h1204
=CAT  \\$aBATCH$b00$c20091217$lBLL01$h0335
=CAT  \\$aWR12-140$c20121101$lBLL01$h1843
=CAT  \\$aWR15_100$c20150913$lBLL01$h1615
=CAT  \\$aBATCH-UPD$b00$c20150913$lBLL01$h1640
=CAT  \\$aW2011-1473$b00$c20201124$lBLL01$h1857
=FIN  \\$aY$d20050509
=STA  \\$aSUPPRESSED$bAcquisitions Use Only
=LAS  \\$aW2011-1473$b00$c20201124$lBLL01$h1857

