=LDR  01460 cm a22004213a 4500
=001  013076024
=003  Uk
=005  20111013142348.0
=008  050106d\\\\\\\\\\\||\\|\||||||n\\\\\\\\\
=FMT  \\$a  MU
=019  c\$a2528845
=082  14$a780$215
=100  1\$aRossini, Gioacchino,$d1792-1868.
=245  10$aEdizione critica delle opere di Gioachino Rossini
=260  \\$aPesaro$bFondazione Rossini
=336  \\$anotated music$2rdacontent
=337  \\$aunmediated$2rdamedia
=338  \\$avolume$2rdacarrier
=500  \\$aUmbrella record
=852  \\$aBritish Library$bDSC$cMUSIC$xFor accurate British Library holdings see monograph title
=852  41$aBritish Library$bMUSIC$jH.2205.c./$oH$3Volume 1
=945  \\$aEDIZIONE CRITICA DELLE OPERE DI GIOACHINO ROSSINI.
=985  \\$aRecord merged by DQ team
=CAT  \\$a7988$b40$c20050106$lBLL01$h0944
=CAT  \\$a8870$b40$c20060511$lBLL01$h1304
=CAT  \\$a9572$b40$c20080725$lBLL01$h1330
=CAT  \\$a8201$b40$c20110110$lBLL01$h0926
=CAT  \\$a8870$b40$c20110304$lBLL01$h1624
=CAT  \\$a7792$b40$c20111013$lBLL01$h1423
=CAT  \\$aWR12-140$c20121101$lBLL01$h1843
=CAT  \\$aWR13.005$c20130323$lBLL01$h1234
=CAT  \\$aWR15_100$c20150913$lBLL01$h1615
=FIN  \\$aY
=LEO  \\$aMP10.0000202317
=SRC  \\$aDSS01$bbibmp10.200404.2.aa
=SRC  \\$aDSS02$bbibh.200404.2.aa
=STA  \\$aSUPPRESSED$bAcquisitions Use Only
=LAS  \\$aWR15_100$b00$c20150913$lBLL01$h1615

