=LDR  01728ccm a22003973a 4500
=001  013081373
=003  Uk
=005  20220114153425.0
=008  050112s\\\\\\\\\\\||\\|\||||||n\\\\\\\\\
=FMT  \\$a  MU
=082  14$a780$215
=100  1\$aSchoenberg, Arnold,$d1874-1951.
=245  10$aArnold Schönberg Sämtliche Werke
=260  \\$aMainz:$bSchott Musik International
=336  \\$anotated music$2rdacontent
=337  \\$aunmediated$2rdamedia
=338  \\$avolume$2rdacarrier
=500  \\$aUmbrella record
=500  \\$aUse I.558.f./ for reading room copies.
=500  \\$aUse I.558.e./ for stack copies.
=500  \\$aThe Reihe comes at the end of the pressmark, i.e. I.558.e./[Abt]/[Bd]/[Teil]/[Reihe] and I.558.f./[Abt]/[Bd]/[Teil]/[Reihe] This is because Reihe A is for scores and Reihe B is for commentaries so having the Reihe at the end of the pressmark enables the commentary to be shelved after the score to which it refers.
=852  \\$aBritish Library$bDSC$cMUSIC$xFor accurate British Library holdings see monograph title
=852  41$aBritish Library$bMUSIC$jI.558.e./$3Vol.1-
=852  41$aBritish Library$bMUSIC$jI.558.f./$3Vol.1-
=CAT  \\$a7988$b40$c20050112$lBLL01$h1551
=CAT  \\$a4587$b40$c20051014$lBLL01$h1429
=CAT  \\$a8870$b40$c20060511$lBLL01$h1319
=CAT  \\$a12418$b40$c20070820$lBLL01$h1353
=CAT  \\$a12418$b40$c20070820$lBLL01$h1416
=CAT  \\$a11244$b40$c20070831$lBLL01$h0859
=CAT  \\$a7988$b40$c20110113$lBLL01$h1405
=CAT  \\$aWR12-140$c20121101$lBLL01$h1843
=CAT  \\$aWR15_100$c20150913$lBLL01$h1615
=CAT  \\$aMFISHER$b40$c20220114$lBLL01$h1534
=STA  \\$aSUPPRESSED$bAcquisitions Use Only
=LAS  \\$aMFISHER$b40$c20220114$lBLL01$h1534

