=LDR  01351 am a2200397 a 4500
=001  013087506
=003  Uk
=005  20050427111025.0
=008  050119s2004\\\\enka\\\\\s\\\\000\0\eng\\
=FMT  \\$a  BK
=015  \\$aGBA505701$2bnb
=016  7\$a013087506$2Uk
=020  \\$a1842642758 (pbk.) :$cNo price
=040  \\$aUk$beng$cUk
=042  \\$aukblsr
=082  04$a304.6$222
=245  04$aThe future demographic :$bglobal population trends and forecasts to 2010 and beyond.
=260  \\$aLondon :$bEuromonitor International,$c2004.
=300  \\$axxiv, 478 p. :$bill. (some col.) ;$c30 cm.
=336  \\$atext$2rdacontent
=337  \\$aunmediated$2rdamedia
=338  \\$avolume$2rdacarrier
=650  \0$aPopulation forecasting$vStatistics.
=650  \0$aPopulation forecasting$xStatistics.
=710  2\$aEuromonitor International.
=852  71$aBritish Library$bSTI$cRES$k(XB)$hAL 016
=852  41$aBritish Library$bHMNTS$jYD.2018.b.293
=CAT  \\$a10958$b40$c20050119$lBLL01$h1530
=CAT  \\$a5264$b40$c20050121$lBLL01$h0946
=CAT  \\$a5264$b40$c20050124$lBLL01$h1141
=CAT  \\$a2866$b40$c20050427$lBLL01$h1110
=CAT  \\$aWR12-140$c20121030$lBLL01$h1102
=CAT  \\$aWR16_021$c20160611$lBLL01$h1939
=FIN  \\$aY$d20050121
=STA  \\$aSUPPRESSED$bBusiness Reserve: STM
=LAS  \\$aWR16_021$b00$c20160611$lBLL01$h1939

