=LDR  01118ccm a22003253a 4500
=001  013093821
=003  Uk
=005  20060511133007.0
=008  050126s\\\\\\\\\\\\\|\\\\\\\\\\\\\\\\\\\
=FMT  \\$a  MU
=082  14$a780$215
=100  1\$aSchütz, Heinrich,$d1585-1672.
=245  10$aNeue Ausgabe sämtlicher Werke
=250  \\$aNew revised edition
=260  \\$aKassel$bBarenreiter$c2004
=336  \\$anotated music$2rdacontent
=337  \\$aunmediated$2rdamedia
=338  \\$avolume$2rdacarrier
=500  \\$aUmbrella record
=852  \\$aBritish Library$bDSC$cMUSIC$xFor accurate British Library holdings see monograph title
=852  41$aBritish Library$bMUSIC$jF.21.a./$oF$3Vol. 1-
=CAT  \\$a11696$b40$c20050126$lBLL01$h1002
=CAT  \\$a4587$b40$c20050608$lBLL01$h1655
=CAT  \\$a4587$b40$c20051014$lBLL01$h1434
=CAT  \\$a8870$b40$c20060511$lBLL01$h1330
=CAT  \\$aWR12-140$c20121101$lBLL01$h1843
=CAT  \\$aBATCH-UPD$b00$c20130427$lBLL01$h2028
=CAT  \\$aWR15_100$c20150913$lBLL01$h1615
=STA  \\$aSUPPRESSED$bAcquisitions Use Only
=LAS  \\$aWR15_100$b00$c20150913$lBLL01$h1615

