=LDR  01192ccm a22003373a 4500
=001  013094776
=003  Uk
=005  20060510163819.0
=008  050127s\\\\\\\\\\\\\|\\\\\\\\\\\\\\\\\\\
=FMT  \\$a  MU
=082  14$a780$215
=100  1\$aGluck, Christoph Willibald,$cRitter von,$d1714-1787.
=245  00$aSämtliche Werke
=260  \\$aBärenreiter :$bKassel,$c2004-
=336  \\$anotated music$2rdacontent
=337  \\$aunmediated$2rdamedia
=338  \\$avolume$2rdacarrier
=500  \\$aUmbrella record
=852  \\$aBritish Library$bDSC$cMUSIC$xFor accurate British Library holdings see monograph title
=852  41$aBritish Library$bMUSIC$jH.526.a./$oH$3Vol.1.-
=CAT  \\$a11696$b40$c20050127$lBLL01$h1017
=CAT  \\$a3583$b40$c20050614$lBLL01$h1135
=CAT  \\$a3583$b40$c20050614$lBLL01$h1136
=CAT  \\$a4587$b40$c20051014$lBLL01$h1435
=CAT  \\$a4587$b40$c20060301$lBLL01$h1718
=CAT  \\$a8870$b40$c20060510$lBLL01$h1638
=CAT  \\$aWR12-140$c20121101$lBLL01$h1843
=CAT  \\$aBATCH-UPD$b00$c20150429$lBLL01$h1547
=CAT  \\$aWR15_100$c20150913$lBLL01$h1615
=STA  \\$aSUPPRESSED$bAcquisitions Use Only
=LAS  \\$aWR15_100$b00$c20150913$lBLL01$h1615

