=LDR  01079 cm a2200313 a 4500
=001  013097249
=003  Uk
=005  20051014143014.0
=008  050131s\\\\\\\\\\\||\\|\||||||n\\\\\\\\\
=FMT  \\$a  MU
=082  14$a780$215
=100  1\$aSchein, Johann Hermann,$d1586-1630.
=245  \0$aNeue Ausgabe sämtlicher Werke
=260  \\$aKassel$bBarenreiter
=336  \\$anotated music$2rdacontent
=337  \\$aunmediated$2rdamedia
=338  \\$avolume$2rdacarrier
=500  \\$aUmbrella record
=852  \\$aBritish Library$bDSC$cMUSIC$xFor accurate British Library holdings see monograph title
=852  41$aBritish Library$bMUSIC$jG.1357./$oG$3Vol.1.-
=CAT  \\$a7988$b40$c20050131$lBLL01$h1156
=CAT  \\$a7988$b40$c20050131$lBLL01$h1158
=CAT  \\$a4587$b40$c20051014$lBLL01$h1430
=CAT  \\$a7416$b40$c20120130$lBLL01$h1206
=CAT  \\$aWR12-140$c20121101$lBLL01$h1843
=CAT  \\$aBATCH-UPD$b00$c20131101$lBLL01$h2117
=CAT  \\$aWR15_100$c20150913$lBLL01$h1615
=STA  \\$aSUPPRESSED$bAcquisitions Use Only
=LAS  \\$aWR15_100$b00$c20150913$lBLL01$h1615

