=LDR  01071ccm a22003133a 4500
=001  013097467
=003  Uk
=005  20060511140056.0
=008  050131s\\\\\\\\\\\||\\|\||||||n\\\\\\\\\
=FMT  \\$a  MU
=082  14$a780$215
=100  1\$aTelemann, Georg Philipp,$d1681-1767.
=245  10$aMusikalische Werke.
=260  \\$aKassel :$bBarenreiter.
=336  \\$anotated music$2rdacontent
=337  \\$aunmediated$2rdamedia
=338  \\$avolume$2rdacarrier
=500  \\$aUmbrella record
=852  \\$aBritish Library$bDSC$cMUSIC$xFor accurate British Library holdings see monograph title
=852  41$aBritish Library$bMUSIC$jH.71.d./$oH$3Vol.1.-
=CAT  \\$a7988$b40$c20050131$lBLL01$h1353
=CAT  \\$a4587$b40$c20051014$lBLL01$h1428
=CAT  \\$a8870$b40$c20060511$lBLL01$h1400
=CAT  \\$a4587$b40$c20061230$lBLL01$h1511
=CAT  \\$aWR12-140$c20121101$lBLL01$h1843
=CAT  \\$aBATCH-UPD$b00$c20150710$lBLL01$h2112
=CAT  \\$aWR15_100$c20150913$lBLL01$h1615
=STA  \\$aSUPPRESSED$bAcquisitions Use Only
=LAS  \\$aWR15_100$b00$c20150913$lBLL01$h1615

