=LDR  02249ccm a22005173a 4500
=001  013097552
=003  Uk
=005  20220114155535.0
=008  050131d\\\\\\\\\\\||\\|\||||||n\\\\\\\\\
=FMT  \\$a  MU
=019  d\$afc00110057
=019  d\$afc00110058
=082  14$a780$215
=100  1\$aMozart, Wolfgang Amadeus,$d1756-1791.
=245  10$aNeue Ausgabe sämtlicher Werke
=260  \\$aKassel$bBarenreiter
=336  \\$anotated music$2rdacontent
=337  \\$aunmediated$2rdamedia
=338  \\$avolume$2rdacarrier
=500  \\$aUmbrella record
=500  \\$aSeries includes Kritische Berichte.
=500  \\$aUse N.12./ for reading room copies.
=500  \\$aUse H.698.b./ for stack copies.
=500  \\$aUse all available levels of numbering in both shelfmarks: /[Series]/[Werkgruppe]/[Abteilung]/[Band] e.g. H.698.b./1/1/1/2 ; H.698.b./9/26 or e.g. N.12./1/1/1/2 ; N.12./9/26.
=852  \\$aBritish Library$bDSC$cMUSIC$xFor accurate British Library holdings see monograph title
=852  41$aBritish Library$bMUSIC$jH.698.b./$xUse all available levels of numbering in shelfmarks: /[Series]/[Werkgruppe]/[Abteilung]/[Band] e.g. H.698.b./1/1/1/2 ; H.698.b./9/26$3Vol. 1.-
=852  41$aBritish Library$bMUSIC$jN.12./$xUse all available levels of numbering in shelfmarks: /[Series]/[Werkgruppe]/[Abteilung]/[Band] e.g. N.12./1/1/1/2 ; N.12./9/26$3Vol. 1.-
=CAT  \\$a7988$b40$c20050131$lBLL01$h1433
=CAT  \\$a4587$b40$c20051014$lBLL01$h1431
=CAT  \\$a8870$b40$c20060511$lBLL01$h0859
=CAT  \\$a8870$b40$c20060606$lBLL01$h1128
=CAT  \\$a11244$b40$c20070702$lBLL01$h0931
=CAT  \\$a11244$b40$c20070702$lBLL01$h0933
=CAT  \\$aBATCH-UPD$b40$c20070702$lBLL01$h0933
=CAT  \\$a12418$b40$c20090513$lBLL01$h1016
=CAT  \\$a12418$b40$c20090513$lBLL01$h1018
=CAT  \\$aWR12-140$c20121101$lBLL01$h1843
=CAT  \\$aBATCH-UPD$b00$c20150413$lBLL01$h2136
=CAT  \\$aWR15_100$c20150913$lBLL01$h1615
=CAT  \\$a8411$b40$c20191017$lBLL01$h1636
=CAT  \\$aMFISHER$b40$c20220114$lBLL01$h1555
=LEO  \\$aMP15.0000378428
=LEO  \\$aMP15.0000378429
=SRC  \\$aCPM01$bbibmp15.200404.2.aa
=STA  \\$aSUPPRESSED$bAcquisitions Use Only
=LAS  \\$aMFISHER$b40$c20220114$lBLL01$h1555

