=LDR  01186ccm a22003013a 4500
=001  013108310
=003  Uk
=005  20070309095009.0
=008  050210s\\\\\\\\\\\||\\|\||||||n\\\\\\\\\
=FMT  \\$a  MU
=082  14$a780$215
=100  1\$aStrauss, Johann,$d1825-1899.
=245  10$aDoblingers Johann Strauss Gesamtausgabe
=260  \\$aWien$bDoblinger
=336  \\$anotated music$2rdacontent
=337  \\$aunmediated$2rdamedia
=338  \\$avolume$2rdacarrier
=500  \\$aUmbrella record
=500  \\$aVolumes published by Doblinger are on this umbrella record and are placed at H.2147. Later volumes published by Strauss Edition Wien are on umbrella record 013483863 and are placed at G.1512.a.
=852  \\$aBritish Library$bDSC$cMUSIC$xFor accurate British Library holdings see monograph title
=852  41$aBritish Library$bMUSIC$jH.2147./$oH$3Vol.1.-
=CAT  \\$a7988$b40$c20050210$lBLL01$h1101
=CAT  \\$a8870$b40$c20060511$lBLL01$h1352
=CAT  \\$a12418$b40$c20070309$lBLL01$h0950
=CAT  \\$aWR12-140$c20121101$lBLL01$h1843
=CAT  \\$aWR15_100$c20150913$lBLL01$h1615
=STA  \\$aSUPPRESSED$bAcquisitions Use Only
=LAS  \\$aWR15_100$b00$c20150913$lBLL01$h1615

