=LDR  01472ccm a2200385 a 4500
=001  013111286
=003  Uk
=005  20220114153727.0
=008  050215s\\\\\\\\\\\||\\|\||||||n\\\\\\\\\
=FMT  \\$a  MU
=082  14$a780$215
=100  1\$aLiszt, Franz,$d1811-1886.
=245  \0$aNeue Ausgabe sämtlicher Werke
=260  \\$aBudapest$bEditio Musica Budapest
=336  \\$anotated music$2rdacontent
=337  \\$aunmediated$2rdamedia
=338  \\$avolume$2rdacarrier
=500  \\$aUmbrella record
=500  \\$aMain series is placed at H.4027./ and H.4027.a./; supplement sub-series is placed at H.4027./A./ and H.4027.a./A./
=500  \\$aUse H.4027.a./ for reading room copies.
=500  \\$aUse H.4027./ for stack copies.
=852  41$aBritish Library$bMUSIC$jH.4027.a./$3Vol. 1-
=852  \\$aBritish Library$bDSC$cMUSIC$xFor accurate British Library holdings see monograph title
=852  41$aBritish Library$bMUSIC$jH.4027./$3Vol. 1-
=CAT  \\$a7988$b40$c20050215$lBLL01$h1127
=CAT  \\$a4587$b40$c20051014$lBLL01$h1432
=CAT  \\$a12418$b40$c20080728$lBLL01$h1751
=CAT  \\$aBATCH-UPD$b40$c20110521$lBLL01$h1747
=CAT  \\$aWR12-140$c20121101$lBLL01$h1843
=CAT  \\$aWR15_100$c20150913$lBLL01$h1615
=CAT  \\$a7988$b40$c20180813$lBLL01$h1452
=CAT  \\$a7988$b40$c20180813$lBLL01$h1456
=CAT  \\$aMFISHER$b40$c20220114$lBLL01$h1537
=STA  \\$aSUPPRESSED$bAcquisitions Use Only
=LAS  \\$aMFISHER$b40$c20220114$lBLL01$h1537

