=LDR  02659 am a2200601 a 4500
=001  013186612
=003  Uk
=005  20080821114507.0
=008  041110s2004\\\\cc\ab\\\\bc\\\001\0\chi\\
=FMT  \\$a  BK
=010  \\$a2004447368
=020  \\$a7501016011
=040  \\$aDLC-R$beng$cDLC-R
=041  0\$achi$aeng
=042  \\$apcc
=043  \\$aa-cc---
=050  00$aZ3108.G37$bL55 2004
=066  \\$c{dollar}1
=100  1\$6880-01$aLi, Xiaocong,$d1947-
=245  10$6880-02$aMeiguo guo hui tu shu guan cang Zhong wen gu di tu xu lu /$cLi Xiaocong bian zhu.
=246  14$aDescriptive catalogue of the traditional Chinese maps collected in the Library of Congress
=250  \\$6880-03$aDi 1 ban.
=260  \\$6880-04$aBeijing :$bWen wu chu ban she,$c2004.
=300  \\$a191 p. :$bill. (some col.), maps ;$c29 cm.
=336  \\$atext$2rdacontent
=337  \\$aunmediated$2rdamedia
=338  \\$avolume$2rdacarrier
=500  \\$6880-05$a"Ben shu de dao Jiao yu bu quan guo pu tong gao xiao ren wen she hui ke xue zhong dian yan jiu ji di Beijing da xue Zhongguo gu dai shi yan jiu zhong xin zhong da xiang mu ji jin he Quan guo gu ji zheng li chu ban gui hua ling dao xiao zu ji jin de zi zhu."
=546  \\$aIn Chinese and English.
=651  \0$aChina$xMaps$vCatalogs.
=651  \0$aChina$xHistory$yQing dynasty, 1644-1912$xMaps$vCatalogs.
=651  \0$aChina$xMaps$xEarly works to 1800$vCatalogs.
=610  20$aLibrary of Congress$vCatalogs.
=710  2\$aLibrary of Congress.
=880  1\$6100-01/{dollar}1$a李 孝聪,$d1947-
=880  10$6245-02/{dollar}1$a美国 国会 图书馆藏 中文 古地图 叙录 /$c李 孝聪 编著.
=880  \\$6250-03/{dollar}1$a第1版.
=880  \\$6260-04/{dollar}1$a北京 :$b文物 出版社,$c2004.
=880  \\$6500-05/{dollar}1$a"本书 得到 教育部 全国 普通 高校 人文 社会 科学 重点 研究 基地 北京 大学 中国 古代史 研究 中心 重大 项目 基金 和 全国 古籍 整理 出版 规划 领导 小组 基金 的 资助."
=852  41$aBritish Library$bMAPS$jMaps Ref.K.5.(96.)
=852  11$aBritish Library$bOC$cSPHOA$kOIK$h912
=CAT  \\$a10503$b40$c20050427$lBLL01$h1107
=CAT  \\$a10503$b40$c20050427$lBLL01$h1108
=CAT  \\$a4039$b40$c20050516$lBLL01$h1752
=CAT  \\$a8876$b40$c20080821$lBLL01$h1143
=CAT  \\$a8876$b40$c20080821$lBLL01$h1145
=CAT  \\$aBATCH-UPD$b40$c20081109$lBLL01$h0001
=CAT  \\$aBATCH-UPD$b40$c20150321$lBLL01$h1809
=CAT  \\$aW1711-1225$c20171203$lBLL01$h1021
=FIN  \\$aY$d20050516
=SID  \\$aZ39$bRLG
=STA  \\$aSUPPRESSED$bunable to determine reason for suppression
=LAS  \\$aW1711-1225$b00$c20171203$lBLL01$h1021

