=LDR  01079ccm a22003133a 4500
=001  013218715
=003  Uk
=005  20060510155625.0
=008  050610s\\\\\\\\\\\||\\|\||||||n\\\\\\\\\
=FMT  \\$a  MU
=082  14$a780$215
=100  1\$aBrahms, Johannes,$d1833-1897.
=245  10$aNeue Ausgabe sämtlicher Werke
=260  \\$aMünchen$bG. Henle Verlag
=336  \\$anotated music$2rdacontent
=337  \\$aunmediated$2rdamedia
=338  \\$avolume$2rdacarrier
=500  \\$aUmbrella record
=852  \\$aBritish Library$bDSC$cMUSIC$xFor accurate British Library holdings see monograph title
=852  41$aBritish Library$bMUSIC$jH.642.f./$3Vol.1.-
=CAT  \\$a7988$b40$c20050610$lBLL01$h1551
=CAT  \\$a4587$b40$c20051014$lBLL01$h1433
=CAT  \\$a4587$b40$c20060301$lBLL01$h1723
=CAT  \\$a8870$b40$c20060510$lBLL01$h1556
=CAT  \\$aWR12-140$c20121101$lBLL01$h1843
=CAT  \\$aWR15_100$c20150913$lBLL01$h1615
=CAT  \\$aBATCH-UPD$b00$c20150913$lBLL01$h1642
=STA  \\$aSUPPRESSED$bAcquisitions Use Only
=LAS  \\$aBATCH-UPD$b00$c20150913$lBLL01$h1642

