=LDR  01882 as a2200505 a 4500
=001  013308458
=003  Uk
=005  20131011112140.0
=007  ta
=008  051007d200u200ufr\uu\\\\\\\\\0\\\a0fre\\
=FMT  \\$a  SE
=015  \\$aGBA585016$2bnb
=040  \\$aUk$beng$cUk
=042  \\$aukblsr
=082  04$a338.47696094405$222
=245  03$aLe marché de la robinetterie sanitaire en France.
=260  \\$aLyon ;$aChester :$bMSI Marketing Research for Industry.
=300  \\$av. :$bill., maps ;$c29 cm.
=336  \\$atext$2rdacontent
=337  \\$aunmediated$2rdamedia
=338  \\$avolume$2rdacarrier
=490  1\$aMSI étude
=500  \\$aDescription based on : Mar. 2005 issue.
=650  \0$aFaucets$zFrance$vPeriodicals.
=650  \0$aPlumbing fixtures$zFrance$vPeriodicals.
=650  \0$aPlumbing$xEquipment and supplies$zFrance$vPeriodicals.
=650  \0$aMarket surveys$zFrance.
=710  2\$aMSI Marketing Research for Industry Ltd.
=830  \0$aMSI étude.
=852  41$aBritish Library$bSTI$cBIPC$jBusiness Reserve Embargo$3Unavailable for 18 months after publication
=852  11$aBritish Library$bSTI$cBIPC$k(B) MKT$h338.47696094405$mBusiness$3Latest available issue
=852  41$aBritish Library$bHMNTS$jZC.9.b.8722$3Earlier issues
=CAT  \\$a11315$b40$c20051007$lBLL01$h1142
=CAT  \\$a11315$b40$c20051026$lBLL01$h1020
=CAT  \\$a10973$b40$c20060607$lBLL01$h1210
=CAT  \\$aBATCH$b00$c20091217$lBLL01$h0402
=CAT  \\$aBATCH$b00$c20100103$lBLL01$h1156
=CAT  \\$aBATCH-UPD$b00$c20101017$lBLL01$h1453
=CAT  \\$a7792$b40$c20131011$lBLL01$h1121
=CAT  \\$aWR14_140$c20140905$lBLL01$h1809
=CAT  \\$aW1711-1225$c20171203$lBLL01$h1022
=FIN  \\$aY$d20051026
=STA  \\$aSUPPRESSED$bunable to determine reason for suppression
=TCO  \\$aFRA$bCFC$c008
=LAS  \\$aW1711-1225$b00$c20171203$lBLL01$h1022

