=LDR  01766 as a2200469 a 4500
=001  013323215
=003  Uk
=005  20150323120634.0
=007  ta
=008  051027d200u200ufr\uu\p\\\\\\\0\\\a0eng\\
=FMT  \\$a  SE
=015  \\$aGBA591382$2bnb
=040  \\$aUk$beng$cUk
=042  \\$aukblsr
=082  04$a338.476433094$222
=245  00$aDomestic kitchen furniture. Europe /$ca report researched and published by: MSI Marketing Research for Industry Ltd.
=260  \\$aChester ;$aLyon :$bMSI
=300  \\$av. :$bill., maps ;$c30 cm.
=336  \\$atext$2rdacontent
=337  \\$aunmediated$2rdamedia
=338  \\$avolume$2rdacarrier
=490  1\$aMSI eurobrief
=500  \\$aDescription based on: June 2005 issue.
=650  \0$aKitchen furniture industry$zEurope$vPeriodicals.
=650  \0$aMarket surveys$zEurope$vPeriodicals.
=710  2\$aMSI Marketing Research for Industry Ltd.
=830  \0$aMSI eurobrief
=852  11$aBritish Library$bSTI$cBIPC$k(B) MKT$h338.476433094$mBusiness$3Current available issue
=852  41$aBritish Library$bHMNTS$jZK.9.b.32015$3Earlier issues
=852  41$aBritish Library$bSTI$cBIPC$jBusiness Reserve Embargo$3Unavailable for 18 months after publication
=CAT  \\$a11187$b40$c20051027$lBLL01$h1644
=CAT  \\$a11187$b40$c20051107$lBLL01$h1716
=CAT  \\$a10973$b40$c20060607$lBLL01$h1151
=CAT  \\$a8874$b40$c20070820$lBLL01$h1329
=CAT  \\$aBATCH$b00$c20091217$lBLL01$h0404
=CAT  \\$aBATCH$b00$c20100103$lBLL01$h1158
=CAT  \\$a7778$b40$c20150323$lBLL01$h1206
=CAT  \\$aW1711-1225$c20171203$lBLL01$h1022
=FIN  \\$aY$d20051107
=STA  \\$aSUPPRESSED$bunable to determine reason for suppression
=TCO  \\$aFRA$bCFC$c008
=LAS  \\$aW1711-1225$b00$c20171203$lBLL01$h1022

