=LDR  01863 as a2200505 a 4500
=001  013344943
=003  Uk
=005  20131011114716.0
=007  ta
=008  051124d2005200uenkuu\p\\\\\\\0\\\a0eng\\
=FMT  \\$a  SE
=015  \\$aGBA600006$2bnb
=040  \\$aUk$beng$cUk
=042  \\$aukblsr
=082  04$a338.47898$222
=245  00$aGarage doors. UK.
=246  3\$aMSI data report. Garage doors. UK
=260  \\$aChester :$bMSI Market Research for Industry
=300  \\$av. :$bill. ;$c30 cm.
=336  \\$atext$2rdacontent
=337  \\$aunmediated$2rdamedia
=338  \\$avolume$2rdacarrier
=362  0\$aAug. 2005-
=362  1\$aCeased in 2008?
=490  1\$aMSI data report
=650  \0$aMarket surveys$zGreat Britain$vPeriodicals.
=650  \0$aGarage doors$vPeriodicals.
=710  2\$aMSI Marketing Research for Industry Ltd.
=830  \0$aMSI data report
=852  41$aBritish Library$bSTI$cBIPC$jBusiness Reserve Embargo$3Unavailable for 18 months after publication
=852  11$aBritish Library$bSTI$cBIPC$k(TB) MKT$h338.47898$mBusiness$3Accompanying CD-ROM
=852  41$aBritish Library$bHMNTS$jZK.9.b.27526$3Earlier issues
=852  11$aBritish Library$bSTI$cBIPC$k(B) MKT$h338.47898$mBusiness$3Current issue available***Accompanying CD-ROM at (TB) MKT 338.47898 Business
=CAT  \\$a8323$b40$c20051124$lBLL01$h1100
=CAT  \\$a10973$b40$c20060607$lBLL01$h1152
=CAT  \\$a8874$b40$c20070820$lBLL01$h1507
=CAT  \\$aBATCH$b00$c20091217$lBLL01$h0406
=CAT  \\$aBATCH$b00$c20100103$lBLL01$h1200
=CAT  \\$a7792$b40$c20131011$lBLL01$h1147
=CAT  \\$aWR14_140$c20140905$lBLL01$h1810
=CAT  \\$aW1711-1225$c20171203$lBLL01$h1023
=FIN  \\$aY$d20051124
=STA  \\$aSUPPRESSED$bunable to determine reason for suppression
=TCO  \\$aCLA$bCLA$c008
=LAS  \\$aW1711-1225$b00$c20171203$lBLL01$h1023

