=LDR  01283ccm a2200349 a 4500
=001  013436447
=003  Uk
=005  20110112155056.0
=008  060328s\\\\\\\\\\\||\\|\||||||n\\\\\\\\\
=FMT  \\$a  MU
=082  14$a780$215
=100  1\$aBach, Carl Philipp Emanuel,$d1714-1788.
=245  \4$aCarl Philipp Emanuel Bach: The Complete Works
=260  \\$aLos Altos:$bThe Packard Humanities Institute$c2005
=336  \\$anotated music$2rdacontent
=337  \\$aunmediated$2rdamedia
=338  \\$avolume$2rdacarrier
=500  \\$aUmbrella record
=852  41$aBritish Library$bDSC$cMUSIC$xFor accurate British Library holdings see monograph title
=852  41$aBritish Library$bMUSIC$jH.1819.c./$3Vol. 1.-
=CAT  \\$a7988$b40$c20060328$lBLL01$h1606
=CAT  \\$a8870$b40$c20060619$lBLL01$h1044
=CAT  \\$a11696$b40$c20060925$lBLL01$h1150
=CAT  \\$aBATCH-UPD$b40$c20070822$lBLL01$h2106
=CAT  \\$aBATCH-UPD$b40$c20100727$lBLL01$h1204
=CAT  \\$a7988$b40$c20110112$lBLL01$h1549
=CAT  \\$a7988$b40$c20110112$lBLL01$h1550
=CAT  \\$aBATCH-UPD$b40$c20121031$lBLL01$h1323
=CAT  \\$aWR12-140$c20121101$lBLL01$h1843
=CAT  \\$aWR15_100$c20150913$lBLL01$h1616
=STA  \\$aSUPPRESSED$bAcquisitions Use Only
=LAS  \\$aWR15_100$b00$c20150913$lBLL01$h1616

