=LDR  01917 as a2200505 a 4500
=001  013561748
=003  Uk
=005  20131011120539.0
=007  ta
=008  060926d2003200ufr\uu\p\\\\\\\0\\\b0fre\\
=FMT  \\$a  SE
=015  \\$aGBA681371$2bnb
=040  \\$aUk$beng$cUk
=042  \\$aukblsr
=082  04$a338.47690898$222
=245  03$aLe marché des portes de garage en France.
=246  17$aLe marché des portes de garage$pFrance
=260  \\$aLyon ;$aChester :$bMSI Marketing Research for Industry,$c[2003]-
=300  \\$av. :$bill., maps ;$c30 cm.
=336  \\$atext$2rdacontent
=337  \\$aunmediated$2rdamedia
=338  \\$avolume$2rdacarrier
=362  1\$aBegan in 2003.
=490  0\$aMSI étude
=500  \\$aDescription based on: Oct. 2005 issue.
=650  \0$aMarket surveys$zFrance$vPeriodicals.
=650  \0$aGarage doors$vPeriodicals.
=690  7\$aManagement and Business Studies$2blcoll
=710  2\$aMSI Marketing Research for Industry Ltd.
=852  41$aBritish Library$bSTI$cBIPC$jBusiness Reserve Embargo$3Unavailable for 18 months after publication
=852  11$aBritish Library$bSTI$cBIPC$k(TB) MKT$h338.47690898$mBusiness$3Accompanying CD-ROM
=852  41$aBritish Library$bHMNTS$jZC.9.b.8721$3Earlier issues
=852  11$aBritish Library$bSTI$cBIPC$k(B) MKT$h338.47690898$mBusiness$3Latest available issue
=CAT  \\$a8323$b40$c20060926$lBLL01$h0920
=CAT  \\$a8323$b40$c20060926$lBLL01$h0931
=CAT  \\$a10973$b40$c20070417$lBLL01$h1017
=CAT  \\$aBATCH$b00$c20090624$lBLL01$h1718
=CAT  \\$aBATCH690$c20100715$lBLL01$h2103
=CAT  \\$aBATCH-MBS$c20100716$lBLL01$h2048
=CAT  \\$a7792$b40$c20131011$lBLL01$h1205
=CAT  \\$aW1711-1225$c20171203$lBLL01$h1024
=FIN  \\$aY$d20060926
=STA  \\$aSUPPRESSED$bunable to determine reason for suppression
=TCO  \\$aFRA$bCFC$c008
=LAS  \\$aW1711-1225$b00$c20171203$lBLL01$h1024

