=LDR  07080cas a2201381   4500
=001  009870631
=003  Uk
=005  20230210005108.0
=007  ta
=008  791218d19722007enkcr\p\\\\\\\0\\\a0eng\\
=FMT  \\$a  SE
=022  0\$a0143-7690$202
=040  \\$aUk$cUk$dUk
=082  04$a338.4761519$222
=084  \\$aLW 65$2blsrissc
=130  0\$aScrip (Richmond, England)
=245  10$aScrip. (1972)-(2007). [LSR] :$bhealth services & industry news.
=246  3\$aScrip international pharmaceutical news
=246  3\$aScrip world pharmaceutical news
=260  \\$aRichmond :$bPJB Publications
=260  3\$32006-$aLondon :$bInforma
=300  \\$av. ;$c30 cm.
=310  \\$aSemi-weekly
=336  \\$atext$2rdacontent
=337  \\$aunmediated$2rdamedia
=338  \\$avolume$2rdacarrier
=362  0\$a[No. 1] (April 13th 1972)-
=500  \\$aTitle from cover.
=500  \\$aSub-title on cover varies: Health services and industry news, no. [1]-36 ; International pharmaceutical news, no. 37-111 ; World pharmaceutical news, no. 112-
=580  \\$aFrom Dec. 2005- accompanied once a month by Scrip supplement.
=595  \\$aComes with 013179365. Absorbs 8211.859358.
=540  \\$aCurrent Copyright Fee: GBP25.00$c0$5Uk
=650  \0$aPharmaceutical industry$vPeriodicals.
=653  \\$aPharmaceutical industries and trades$aPeriodicals
=690  7\$aManagement and Business Studies$2blcoll
=770  1\$tScrip supplement
=852  49$aBritish Library$bDSC$j8211.859000$3Number 50(1973)-no. 1095(1986) ; no. 1270/1(1988)-no. 3322 (2007)
=852  71$aBritish Library$bSTI$k(P)$hLW 65$m-E(4)$2blsrissc$3Number 1(Mar. 1972)-Number 3322 (2007); Set incomplete
=852  71$aBritish Library$bSTI$k(TP)$hLW 65$m-E(4)$2blsrissc$3Accompanying CD-ROM
=945  \\$aSCRIP -LONDON AND RICHMOND-
=959  \\$fCurrently received
=963  \\$a[NO. 1], 1972- *A=1$bN$cL328.B.29
=985  \\$aDQ DO NOT MERGE - LARGE SERIAL RECORD
=CAT  \\$aCONV$b00$c20040425$lBLL90$h0710
=CAT  \\$aIPL-CLA$c20110930$lBLL01$h1523
=CAT  \\$aBATCH-CLA$b00$c20111130$lBLL01$h1221
=CAT  \\$aIPL-CLA$c20111230$lBLL01$h1825
=CAT  \\$aBATCH-CLA$b00$c20120229$lBLL01$h1636
=CAT  \\$aIPL-CLA$c20120330$lBLL01$h1409
=CAT  \\$aBATCH-CLA$b00$c20120531$lBLL01$h1724
=CAT  \\$aIPL-CLA$c20120629$lBLL01$h1007
=CAT  \\$aBATCH-CLA$b00$c20120831$lBLL01$h1551
=CAT  \\$aIPL-CLA$c20120930$lBLL01$h2030
=CAT  \\$aBATCH-UPD$b00$c20121030$lBLL01$h1027
=CAT  \\$aBATCH-CLA$b00$c20121105$lBLL01$h1752
=CAT  \\$aWR13.005$c20130323$lBLL01$h1359
=CAT  \\$aWR14_140$c20140905$lBLL01$h1736
=CAT  \\$aBATCH-CLA$b00$c20150227$lBLL01$h1631
=CAT  \\$aIPL-CLA$c20150331$lBLL01$h1624
=CAT  \\$aBATCH-CLA$b00$c20161130$lBLL01$h1647
=CAT  \\$aIPL-CLA$c20161230$lBLL01$h1924
=CAT  \\$aBATCH-CLA$b00$c20171130$lBLL01$h1712
=CAT  \\$aIPL-CLA$c20171231$lBLL01$h1456
=CAT  \\$aBATCH-CLA$b00$c20191129$lBLL01$h1631
=CAT  \\$aIPL-CLA$c20191231$lBLL01$h1814
=CAT  \\$aBATCH-CLA$b00$c20201126$lBLL01$h1421
=CAT  \\$aIPL-CLA$c20201231$lBLL01$h2020
=CAT  \\$aBATCH-CLA$b00$c20221130$lBLL01$h1455
=CAT  \\$aIPL-CLA$c20221231$lBLL01$h1931
=CAT  \\$aBATCH-CLA$b00$c20230209$lBLL01$h1542
=CAT  \\$aIPL-CLA$c20230210$lBLL01$h0051
=CFI  0\$aCurrent Copyright Fee: GBP25.00$c0$e09-feb-2023$fGBP25.00$g0$hC$5Uk
=CFI  2\$aBritish Library not licensed to copy$c0$e01-jan-2023$hC$iCFP Excluded$5Uk
=EXP  \\$aX
=STA  \\$aSUPPRESSED$bLarge Serial Record
=TCO  \\$aCLA$bCLA$c008
=ACF  \\$aPrevious Copyright Fee: GBP5.00$c0$e01-apr-2012$fGBP5.00$g0$hC$5Uk
=ACF  \\$aPrevious Copyright Fee: GBP5.00$c0$e01-jan-2012$fGBP5.00$g0$hC$5Uk
=ACF  \\$aPrevious Copyright Fee: GBP5.00$c0$e01-oct-2011$fGBP5.00$g0$hC$5Uk
=ACF  \\$aPrevious Copyright Fee: GBP5.00$c0$e01-jul-2011$fGBP5.00$g0$hC$5Uk
=ACF  \\$aPrevious Copyright Fee: GBP5.00$c0$e01-apr-2011$fGBP5.00$g0$hC$5Uk
=ACF  \\$aPrevious Copyright Fee: GBP5.00$c0$e01-jan-2011$fGBP5.00$g0$hC$5Uk
=ACF  \\$aPrevious Copyright Fee: GBP5.00$c0$e01-oct-2010$fGBP5.00$g0$hC$5Uk
=ACF  \\$aPrevious Copyright Fee: GBP5.00$c0$e01-jul-2010$fGBP5.00$g0$hC$5Uk
=ACF  \\$aPrevious Copyright Fee: GBP5.00$c0$e01-apr-2010$fGBP5.00$g0$hC$5Uk
=ACF  \\$aPrevious Copyright Fee: GBP2.00$c0$e01-Jan-2010$fGBP2.00$g0$hC$5Uk
=ACF  \\$aPrevious Copyright Fee: GBP2.00$c0$e01-oct-2009$fGBP2.00$g0$hC$5Uk
=ACF  \\$aPrevious Copyright Fee: GBP16.00$c0$e01-jul-2009$fGBP16.00$g0$hC$5Uk
=ACF  \\$aPrevious Copyright Fee: GBP43.00$c0$e01-apr-2009$fGBP43.00$g0$hC$5Uk
=ACF  \\$aPrevious Copyright Fee: GBP43.00$c0$e01-jan-2009$fGBP43.00$g0$hC$5Uk
=ACF  \\$aPrevious Copyright Fee: GBP43.00$c0$e01-oct-2008$fGBP43.00$g0$hC$5Uk
=ACF  \\$aPrevious Copyright Fee: GBP43.00$c0$e01-jul-2008$fGBP43.00$g0$hC$5Uk
=ACF  \\$aPrevious Copyright Fee: GBP43.00$c0$e01-apr-2008$fGBP43.00$g0$hC$5Uk
=ACF  \\$aPrevious Copyright Fee: GBP8.00$c0$e01-jan-2008$fGBP8.00$g0$hC$5Uk
=ACF  \\$aPrevious Copyright Fee: GBP8.00$c0$e01-oct-2007$fGBP8.00$g0$hC$5Uk
=ACF  \\$aPrevious Copyright Fee: GBP5.00$c0$e01-jul-2007$fGBP5.00$g0$hC$5Uk
=ACF  \\$aPrevious Copyright Fee: GBP5.60$c0$e01-apr-2007$fGBP5.60$g0$hC$5Uk
=ACF  \\$aPrevious Copyright Fee: GBP5.60$c0$e01-jan-2007$fGBP5.60$g0$hC$5Uk
=ACF  \\$aPrevious Copyright Fee: GBP5.60$c0$e01-oct-2006$fGBP5.60$g0$hC$5Uk
=ACF  \\$aPrevious Copyright Fee: GBP5.60$c0$e01-jul-2006$fGBP5.60$g0$hC$5Uk
=ACF  \\$aPrevious Copyright Fee: GBP5.60$c0$e01-apr-2006$fGBP5.60$g0$hC$5Uk
=ACF  \\$aPrevious Copyright Fee: GBP5.60$c0$e01-jan-2006$fGBP5.60$g0$hC$5Uk
=ACF  \\$aPrevious Copyright Fee: GBP5.60$c0$e01-oct-2005$fGBP5.60$g0$hC$5Uk
=ACF  \\$aPrevious Copyright Fee: GBP5.60$c0$e01-jul-2005$fGBP5.60$g0$hC$5Uk
=ACF  \\$aPrevious Copyright Fee: GBP5.60$c0$e01-apr-2005$fGBP5.60$g0$hC$5Uk
=ACF  \\$aPrevious Copyright Fee: GBP5.60$c0$e01-jan-2005$fGBP5.60$g0$hC$5Uk
=ACF  \\$aPrevious Copyright Fee: GBP4.80$c0$e01-oct-2004$fGBP4.80$g0$hC$5Uk
=ACF  \\$aPrevious copyright fee: GBP4.40$c0$e01-jul-2002$fGBP4.40$g0$hC$5Uk
=ACF  \\$aCurrent copyright fee: GBP0.50$c0$e01-jul-2001$fGBP0.50$g0$hC$5Uk
=ACF  \\$aCurrent copyright fee: GBP0.35$c0$e01-apr-1997$fGBP0.35$g0$hC$5Uk
=ACF  \\$aPrevious Copyright Fee: GBP5.00$c0$e01-jul-2012$fGBP5.00$g0$hC$5Uk
=ACF  \\$aPrevious Copyright Fee: GBP5.00$c0$e01-oct-2012$fGBP5.00$g0$hC$5Uk
=ACF  \\$aPrevious Copyright Fee: GBP12.30$c0$e01-apr-2015$fGBP12.30$g0$hC$5Uk
=ACF  \\$aPrevious Copyright Fee: GBP15.00$c0$e01-jan-2017$fGBP15.00$g0$hC$5Uk
=ACF  \\$aPrevious Copyright Fee: GBP17.50$c0$e01-jan-2018$fGBP17.50$g0$hC$5Uk
=ACF  \\$aPrevious Copyright Fee: GBP20.00$c0$e01-jan-2020$fGBP20.00$g0$hC$5Uk
=ACF  \\$aPrevious Copyright Fee: GBP22.50$c0$e01-jan-2021$fGBP22.50$g0$hC$5Uk
=LAS  \\$aIPL-CLA$b00$c20230210$lBLL01$h0051

