=LDR  05860 as a22011777  4500
=001  010469376
=003  Uk
=005  20190704110502.0
=007  ta
=008  040409d19702008xxuar\p\\\\\\\0\\\a0eng\\
=FMT  \\$a  SE
=022  0\$a0192-2998
=040  \\$aUk$cUk$dUk
=110  2\$aAmerican Society for Testing and Materials.
=245  10$aAnnual book of ASTM standards. (1970)-(2008). [LSR].
=246  3\$aAnnual book of American Society for Testing and Materials standards
=246  30$aAnnual book of A.S.T.M. standards
=246  30$aAnnual A.S.T.M. standards
=246  18$aAnnual ASTM standards
=260  \\$aPhiladelphia, Pa :$bAmerican Society for Testing and Materials
=300  \\$av. ;$c24 cm.
=310  \\$aAnnual
=336  \\$atext$2rdacontent
=337  \\$aunmediated$2rdamedia
=338  \\$avolume$2rdacarrier
=500  \\$aConsists of volumes dealing with various subject areas.
=515  \\$aEach vol. issued in parts.
=555  \\$aIndex to ASTM standards issued as last part of each vol.
=580  \\$aPart 33 replaces "American Society for Testing and Materials. Index to ASTM standards", q.v.
=595  \\$aSEE ALSO BOOK CATALOGUE FOR SPECIALIZED COLLECTIONS AND SUBSERIES.
=540  \\$aBritish Library not licensed to copy$c0$5Uk
=650  \0$aMaterials$xStandards$zUnited States$vPeriodicals.
=650  \0$aMaterials$xTesting$xStandards$zUnited States$vPeriodicals.
=780  00$aBook of ASTM standards with related material$x0195-783X
=886  2\$2blmarc$a029$b00$aS077994000$aS02229001X
=852  71$aBritish Library$bSTI$cRES$k(XP)$hT 83$m-E(2)$2blsrissc$31962-1997 ; Deficient: 1974; 1987, section 1; no.1, 1996; no.5, 1997
=852  49$aBritish Library$bDSC$j1747.092000$31916-2008***UKRR Retained Title
=945  \\$aASTM standards -including tentatives-.
=959  \\$fCurrently received
=963  \\$aCA/U-4 CURRENT SERIES$bN
=964  \\$a[19?]- *A=1$c62.002.3/620.1$eTP537811
=985  \\$aDQ DO NOT MERGE - LARGE SERIAL RECORD
=A02  \\$a2029522
=CAT  \\$aCONV$b00$c20040425$lBLL90$h0659
=CAT  \\$aBATCH-CLA$b00$c20120531$lBLL01$h1725
=CAT  \\$aIPL-CLA$c20120629$lBLL01$h1012
=CAT  \\$aBATCH-CLA$b00$c20120831$lBLL01$h1554
=CAT  \\$aIPL-CLA$c20120930$lBLL01$h2039
=CAT  \\$aBATCH-CLA$b00$c20121105$lBLL01$h1745
=CAT  \\$aWR12_128$c20121113$lBLL01$h1828
=CAT  \\$aBATCH-CLA$b00$c20121130$lBLL01$h1246
=CAT  \\$aIPL-CLA$c20121231$lBLL01$h1256
=CAT  \\$aIPL-CLA$c20130102$lBLL01$h1705
=CAT  \\$aWR13.005$c20130322$lBLL01$h2001
=CAT  \\$aBATCH-CLA$b00$c20130330$lBLL01$h1434
=CAT  \\$aIPL-CLA$c20130331$lBLL01$h1048
=CAT  \\$a540_fix$c20130403$lBLL01$h2008
=CAT  \\$aBATCH-CLA$b00$c20130531$lBLL01$h1651
=CAT  \\$aIPL-CLA$c20130701$lBLL01$h0023
=CAT  \\$aBATCH-CLA$b00$c20130830$lBLL01$h1630
=CAT  \\$aIPL-CLA$c20130930$lBLL01$h1730
=CAT  \\$aBATCH-CLA$b00$c20131129$lBLL01$h1703
=CAT  \\$aIPL-CLA$c20131231$lBLL01$h2111
=CAT  \\$aBATCH-CLA$b00$c20140327$lBLL01$h1826
=CAT  \\$aIPL-CLA$c20140331$lBLL01$h1621
=CAT  \\$aBATCH-CLA$b00$c20140530$lBLL01$h1715
=CAT  \\$aIPL-CLA$c20140630$lBLL01$h1708
=CAT  \\$aW1711-1225$c20171203$lBLL01$h1019
=CAT  \\$a7764$b40$c20190704$lBLL01$h1105
=CFI  0\$aBritish Library not licensed to copy$c0$e01-jul-2014$hC$iCFP Excluded$5Uk
=CFI  2\$aBritish Library not licensed to copy$c0$e01-apr-2014$hC$iCFP Excluded$5Uk
=EXP  \\$aX
=STA  \\$aSUPPRESSED$bLarge Serial Record
=TCO  \\$aTRS$bCCC$c008
=ACF  \\$aBritish Library not licensed to copy$c0$e07-sep-2011$hC$iTX$5Uk
=ACF  \\$aPrevious copyright fee: GBP10.50$c0$e01-jan-2011$fGBP10.50$g0$hA$5Uk
=ACF  \\$aPrevious Copyright Fee: GBP13.50$c0$e01-jan-2008$fGBP13.50$g0$hC$5Uk
=ACF  \\$aPrevious Copyright Fee: GBP13.50$c0$e01-oct-2007$fGBP13.50$g0$hC$5Uk
=ACF  \\$aPrevious Copyright Fee: GBP13.50$c0$e01-jul-2007$fGBP13.50$g0$hC$5Uk
=ACF  \\$aPrevious Copyright Fee: GBP13.85$c0$e01-apr-2007$fGBP13.85$g0$hC$5Uk
=ACF  \\$aPrevious Copyright Fee: GBP14.59$c0$e01-jan-2007$fGBP14.59$g0$hC$5Uk
=ACF  \\$aPrevious Copyright Fee: GBP14.59$c0$e01-oct-2006$fGBP14.59$g0$hC$5Uk
=ACF  \\$aPrevious Copyright Fee: GBP15.43$c0$e01-jul-2006$fGBP15.43$g0$hC$5Uk
=ACF  \\$aPrevious Copyright Fee: GBP15.43$c0$e01-apr-2006$fGBP15.43$g0$hC$5Uk
=ACF  \\$aPrevious Copyright Fee: GBP15.00$c0$e01-jan-2006$fGBP15.00$g0$hC$5Uk
=ACF  \\$aPrevious Copyright Fee: GBP14.59$c0$e01-oct-2005$fGBP14.59$g0$hC$5Uk
=ACF  \\$aPrevious Copyright Fee: GBP14.59$c0$e01-jul-2005$fGBP14.59$g0$hC$5Uk
=ACF  \\$aPrevious Copyright Fee: GBP14.59$c0$e01-apr-2005$fGBP14.59$g0$hC$5Uk
=ACF  \\$aPrevious Copyright Fee: GBP15.00$c0$e01-jan-2005$fGBP15.00$g0$hC$5Uk
=ACF  \\$aPrevious Copyright Fee: GBP14.59$c0$e01-oct-2004$fGBP14.59$g0$hC$5Uk
=ACF  \\$aPrevious copyright fee: GBP14.59$c0$e01-apr-2004$fGBP14.59$g0$hC$5Uk
=ACF  \\$aCurrent copyright fee: GBP15.88$c0$e01-jan-2004$fGBP15.88$g0$hC$5Uk
=ACF  \\$aCurrent copyright fee: GBP16.88$c0$e01-jan-2003$fGBP16.88$g0$hC$5Uk
=ACF  \\$aBritish Library not licensed to copy$c0$e01-jul-2012$hC$iCLA Excluded$5Uk
=ACF  \\$aBritish Library not licensed to copy$c0$e01-oct-2012$hC$iCFP Excluded$5Uk
=ACF  \\$aBritish Library not licensed to copy$c0$e01-jan-2013$hC$iCFP Excluded$5Uk
=ACF  \\$aBritish Library not licensed to copy$c0$e01-apr-2013$hC$iCFP Excluded$5Uk
=ACF  \\$aBritish Library not licensed to copy$c0$e01-jul-2013$hC$iCFP Excluded$5Uk
=ACF  \\$aBritish Library not licensed to copy$c0$e01-oct-2013$hC$iCFP Excluded$5Uk
=ACF  \\$aBritish Library not licensed to copy$c0$e01-jan-2014$hC$iCFP Excluded$5Uk
=LAS  \\$a7764$b40$c20190704$lBLL01$h1105

