=LDR  06616cas a22012977a 4500
=001  008205860
=003  Uk
=005  20220630165831.0
=007  ta
=008  870324d19262007xxumr\p\\\\\\\0\\\a0eng\\
=FMT  \\$a  SE
=022  0\$a0002-9998
=040  \\$aUk$cUk$dUk
=082  04$a338.476690973$221
=084  \\$aN 13$2blsrissc
=130  0\$aAmerican metal market (New York, N.Y. : 1926)
=245  00$aAmerican metal market. (1926)-Vol. 15 (June 2007). [LSR].
=246  30$aAmerican metal market.$pMetalworking news edition
=246  30$aAMM
=260  \\$aNew York :$b[s.n.]
=300  \\$av. :$bill. ;$c30 cm.
=310  \\$aMonthly,$b2007-
=336  \\$atext$2rdacontent
=337  \\$aunmediated$2rdamedia
=338  \\$avolume$2rdacarrier
=362  0\$aVol. 33, no. 1 (Jan. 2, 1926)-v. 115 (2007) ; Issue 1 (July 2007)-
=595  \\$aSEE ALSO CARD INDEX.
=540  \\$aBritish Library not licensed to copy$c0$5Uk
=650  \0$aMetal trade$zUnited States$vPeriodicals.
=650  \0$aIron industry and trade$zUnited States$vPeriodicals.
=650  \0$aSteel industry and trade$zUnited States$vPeriodicals.
=690  7\$aManagement and Business Studies$2blcoll
=852  49$aBritish Library$bDSC$j0842.600000$3Vol. 95, no 114 (1987)-v. 95, no. 116 (1987); v. 95, no. 119 (1987)-v. 104 (1996); v. 108, no. 63 (2000)-Vol. 15 (2007).
=852  71$aBritish Library$bSTI$k(P)$hN 13$m-E(10)$2blsrissc$31997-Vol. 115 (2007).
=852  71$aBritish Library$bSTI$cRES$k(OP)$hN 13$m-E(10)$2blsrissc$31997-Vol. 15 (2007).***Earlier issues
=945  \\$aAMERICAN METAL MARKET.
=959  \\$fHeld but not currently received
=968  \\$bX
=985  \\$aDQ DO NOT MERGE - LARGE SERIAL RECORD
=A02  \\$a2017501
=CAT  \\$aCONV$b00$c20040425$lBLL90$h0852
=CAT  \\$aIPL-CLA$c20111230$lBLL01$h1721
=CAT  \\$aBATCH-CLA$b00$c20120229$lBLL01$h1634
=CAT  \\$aIPL-CLA$c20120330$lBLL01$h1357
=CAT  \\$aBATCH-CLA$b00$c20120531$lBLL01$h1722
=CAT  \\$aIPL-CLA$c20120629$lBLL01$h0954
=CAT  \\$aBATCH-CLA$b00$c20120831$lBLL01$h1549
=CAT  \\$aIPL-CLA$c20120930$lBLL01$h2010
=CAT  \\$aBATCH-UPD$b00$c20121030$lBLL01$h1027
=CAT  \\$aBATCH-CLA$b00$c20121104$lBLL01$h1037
=CAT  \\$aBATCH-CLA$b00$c20130228$lBLL01$h1712
=CAT  \\$aWR13.005$c20130323$lBLL01$h1228
=CAT  \\$aIPL-CLA$c20130331$lBLL01$h1043
=CAT  \\$a540_fix$c20130403$lBLL01$h2004
=CAT  \\$aBATCH-CLA$b00$c20150227$lBLL01$h1631
=CAT  \\$aIPL-CLA$c20150331$lBLL01$h1617
=CAT  \\$aBATCH-CLA$b00$c20161130$lBLL01$h1647
=CAT  \\$aIPL-CLA$c20161230$lBLL01$h1826
=CAT  \\$aBATCH-CLA$b00$c20171130$lBLL01$h1714
=CAT  \\$aIPL-CLA$c20171231$lBLL01$h1401
=CAT  \\$aBATCH-CLA$b00$c20191129$lBLL01$h1630
=CAT  \\$aIPL-CLA$c20191231$lBLL01$h1730
=CAT  \\$aBATCH-CLA$b00$c20201126$lBLL01$h1419
=CAT  \\$aIPL-CLA$c20201231$lBLL01$h1928
=CAT  \\$aBATCH-CLA$b00$c20220601$lBLL01$h1545
=CAT  \\$aIPL-CLA$c20220630$lBLL01$h1658
=CFI  0\$aBritish Library not licensed to copy$c0$e01-jul-2022$hC$iCFP Excluded$5Uk
=CFI  2\$aPrevious Copyright Fee: GBP22.50$c0$e01-jan-2021$fGBP22.50$g0$hC$5Uk
=EXP  \\$aX
=STA  \\$aSUPPRESSED$bLarge Serial Record
=TCO  \\$aTRS$bCCC$c008
=ACF  \\$aPrevious Copyright Fee: GBP10.00$c0$e01-apr-2012$fGBP10.00$g0$hC$5Uk
=ACF  \\$aPrevious Copyright Fee: GBP10.00$c0$e01-jan-2012$fGBP10.00$g0$hC$5Uk
=ACF  \\$aPrevious Copyright Fee: GBP10.00$c0$e01-oct-2011$fGBP10.00$g0$hC$5Uk
=ACF  \\$aPrevious Copyright Fee: GBP10.00$c0$e01-jul-2011$fGBP10.00$g0$hC$5Uk
=ACF  \\$aPrevious Copyright Fee: GBP10.00$c0$e01-apr-2011$fGBP10.00$g0$hC$5Uk
=ACF  \\$aPrevious Copyright Fee: GBP10.00$c0$e01-jan-2011$fGBP10.00$g0$hC$5Uk
=ACF  \\$aPrevious Copyright Fee: GBP10.00$c0$e01-oct-2010$fGBP10.00$g0$hC$5Uk
=ACF  \\$aPrevious Copyright Fee: GBP10.00$c0$e01-jul-2010$fGBP10.00$g0$hC$5Uk
=ACF  \\$aPrevious Copyright Fee: GBP10.00$c0$e01-apr-2010$fGBP10.00$g0$hC$5Uk
=ACF  \\$aPrevious Copyright Fee: GBP10.00$c0$e01-Jan-2010$fGBP10.00$g0$hC$5Uk
=ACF  \\$aPrevious Copyright Fee: GBP10.00$c0$e01-oct-2009$fGBP10.00$g0$hC$5Uk
=ACF  \\$aPrevious Copyright Fee: GBP10.00$c0$e01-jul-2009$fGBP10.00$g0$hC$5Uk
=ACF  \\$aPrevious Copyright Fee: GBP10.00$c0$e01-apr-2009$fGBP10.00$g0$hC$5Uk
=ACF  \\$aPrevious Copyright Fee: GBP10.00$c0$e01-jan-2009$fGBP10.00$g0$hC$5Uk
=ACF  \\$aPrevious Copyright Fee: GBP10.00$c0$e01-oct-2008$fGBP10.00$g0$hC$5Uk
=ACF  \\$aPrevious Copyright Fee: GBP10.00$c0$e01-jul-2008$fGBP10.00$g0$hC$5Uk
=ACF  \\$aPrevious Copyright Fee: GBP9.00$c0$e01-apr-2008$fGBP9.00$g0$hC$5Uk
=ACF  \\$aPrevious Copyright Fee: GBP9.00$c0$e01-jan-2008$fGBP9.00$g0$hC$5Uk
=ACF  \\$aPrevious Copyright Fee: GBP9.00$c0$e01-oct-2007$fGBP9.00$g0$hC$5Uk
=ACF  \\$aPrevious Copyright Fee: GBP9.00$c0$e01-jul-2007$fGBP9.00$g0$hC$5Uk
=ACF  \\$aPrevious Copyright Fee: GBP9.23$c0$e01-apr-2007$fGBP9.23$g0$hC$5Uk
=ACF  \\$aPrevious Copyright Fee: GBP5.41$c0$e01-jan-2007$fGBP5.41$g0$hC$5Uk
=ACF  \\$aPrevious Copyright Fee: GBP5.41$c0$e01-oct-2006$fGBP5.41$g0$hC$5Uk
=ACF  \\$aPrevious Copyright Fee: GBP5.71$c0$e01-jul-2006$fGBP5.71$g0$hC$5Uk
=ACF  \\$aPrevious Copyright Fee: GBP5.71$c0$e01-apr-2006$fGBP5.71$g0$hC$5Uk
=ACF  \\$aPrevious Copyright Fee: GBP5.56$c0$e01-jan-2006$fGBP5.56$g0$hC$5Uk
=ACF  \\$aPrevious Copyright Fee: GBP5.41$c0$e01-oct-2005$fGBP5.41$g0$hC$5Uk
=ACF  \\$aPrevious Copyright Fee: GBP5.56$c0$e01-jan-2005$fGBP5.56$g0$hC$5Uk
=ACF  \\$aPrevious Copyright Fee: GBP5.41$c0$e01-oct-2004$fGBP5.41$g0$hC$5Uk
=ACF  \\$aPrevious copyright fee: GBP5.41$c0$e01-apr-2004$fGBP5.41$g0$hC$5Uk
=ACF  \\$aCurrent copyright fee: GBP5.88$c0$e01-jan-2004$fGBP5.88$g0$hC$5Uk
=ACF  \\$aCurrent copyright fee: GBP6.25$c0$e01-jan-2003$fGBP6.25$g0$hC$5Uk
=ACF  \\$aPrevious Copyright Fee: GBP10.00$c0$e01-jul-2012$fGBP10.00$g0$hC$5Uk
=ACF  \\$aPrevious Copyright Fee: GBP10.00$c0$e01-oct-2012$fGBP10.00$g0$hC$5Uk
=ACF  \\$aPrevious Copyright Fee: GBP12.00$c0$e01-apr-2013$fGBP12.00$g0$hC$5Uk
=ACF  \\$aPrevious Copyright Fee: GBP12.30$c0$e01-apr-2015$fGBP12.30$g0$hC$5Uk
=ACF  \\$aPrevious Copyright Fee: GBP15.00$c0$e01-jan-2017$fGBP15.00$g0$hC$5Uk
=ACF  \\$aPrevious Copyright Fee: GBP17.50$c0$e01-jan-2018$fGBP17.50$g0$hC$5Uk
=ACF  \\$aPrevious Copyright Fee: GBP20.00$c0$e01-jan-2020$fGBP20.00$g0$hC$5Uk
=LAS  \\$aIPL-CLA$b00$c20220630$lBLL01$h1658

