=LDR  01745 am a2200565 a 4500
=001  009096006
=003  Uk
=005  20050823154822.0
=008  960701s1996\\\\enkab\\||\\\\\000\||eng\\
=FMT  \\$a  BK
=015  \\$aGB9653732$2bnb
=019  g\$aadv010150084X
=019  a\$aG05073853
=019  y\$ab9653732
=019  9\$a1853393509
=019  0\$as618232001
=020  \\$a1853393509 (pbk) :$cNo price
=039  0\$a2398
=040  \\$aUk$cUk
=082  04$a693.98$220
=084  \\$aW 29$2blsrissc
=100  1\$aKeable, Julian.
=245  10$aRammed earth structures :$ba code of practice /$cJulian Keable.
=260  \\$aLondon :$bIntermediate Technology,$c1996.
=300  \\$a114p. :$bill. (some col.), maps ;$c30cm.
=336  \\$atext$2rdacontent
=337  \\$aunmediated$2rdamedia
=338  \\$avolume$2rdacarrier
=500  \\$aIll on inside covers.
=650  \0$aEarth houses$xDesign and construction$xStandards.
=653  1\$aBuildings$aConstruction
=852  41$aBritish Library$bDSC$jm05/.30524
=852  71$aBritish Library$bSTI$k(B)$hW 29$2blsrissc
=957  \\$aCR
=966  \\$uc$lSPACQ 06/11/96
=CAT  \\$aCONV$b00$c20040425$lBLL90$h0613
=CAT  \\$aCONV$b00$c20040502$lBLL01$h1315
=CAT  \\$a9678$b40$c20050823$lBLL01$h1548
=CAT  \\$aglobal_upd$b40$c20060417$lBLL01$h0740
=CAT  \\$aBATCH$b00$c20091122$lBLL01$h1010
=CAT  \\$aWR12-140$c20121031$lBLL01$h1801
=FIN  \\$aY
=LEO  \\$aMP5.0001388942
=LEO  \\$aMP25.0000309381
=LEO  \\$aMP8.0001274030
=SRC  \\$aBNB03$bbibmp5.200404.2.ac
=SRC  \\$aDSC01$bbibmp8.200404.2.ab
=SRC  \\$aSRI01$bbibmp25.200404.2.aa
=STA  \\$aSUPPRESSED$bNegative Record
=LAS  \\$aWR12-140$b00$c20121031$lBLL01$h1801

