=LDR  02545cam a2200757ua 4500
=001  009534954
=003  Uk
=005  20230331161950.0
=008  030728s2003\\\\enka\\\||\\\\\001\||eng\\
=FMT  \\$a  BK
=015  \\$aGBA353230$2bnb
=016  7\$a009534954$2Uk
=019  y\$abA353230
=019  9\$a0240519116
=019  g\$aadv5004548277
=019  a\$aG07808802
=019  1\$a0240519116
=019  s\$aoans03675
=020  \\$a0240519116 (pbk.) :$cNo price
=039  0\$a2752
=040  \\$aDLC$beng$cDLC$dUk
=042  \\$aukblsr
=082  04$a621.3893$222
=100  1\$aNisbett, Alec.
=245  14$aThe sound studio :$baudio techniques for radio, television, film, and recording /$cAlec Nisbett.
=250  \\$a7th ed.
=260  \\$aAmsterdam ;$aLondon :$bFocal,$c2003.
=300  \\$axi, 388 p. :$bill. ;$c25 cm.
=336  \\$atext$2rdacontent
=337  \\$aunmediated$2rdamedia
=338  \\$avolume$2rdacarrier
=504  \\$aIncludes bibliographical references and index.
=500  \\$aPrevious ed.: 1995.
=540  \\$aCurrent Copyright Fee: GBP34.00$c0$5Uk
=650  \0$aSound$xRecording and reproducing.
=650  \0$aSound studios.
=650  \0$aRadio broadcasting$xSound effects.
=650  \0$aTelevision broadcasting$xSound effects.
=852  11$aBritish Library$bSTI$k(B)$h621.3893
=852  41$aBritish Library$bDSC$jm03/30070
=852  11$aBritish Library$bHMNTS$cSPHOA$kHUS$h621.38932
=966  \\$lACQUIS 17/07/2003
=CAT  \\$aCONV$b00$c20040425$lBLL90$h0847
=CAT  \\$aCONV$b00$c20040502$lBLL01$h1329
=CAT  \\$a8980$b40$c20050620$lBLL01$h1003
=CAT  \\$aglobal_upd$b40$c20060417$lBLL01$h0820
=CAT  \\$aBATCH$b00$c20091122$lBLL01$h1202
=CAT  \\$aBATCH$b00$c20091209$lBLL01$h0436
=CAT  \\$aBATCH$b00$c20091214$lBLL01$h0518
=CAT  \\$aBATCH$b00$c20091216$lBLL01$h0127
=CAT  \\$aWR16_021$c20160609$lBLL01$h1952
=CAT  \\$aW1711-1225$c20171203$lBLL01$h1019
=CAT  \\$aBATCH-CLAB$c20230324$lBLL01$h1338
=CAT  \\$aIPL-CLA$c20230331$lBLL01$h1619
=CFI  0\$aCurrent Copyright Fee: GBP34.00$c0$e01-apr-2023$fGBP34.00$g0$hC$5Uk
=FIN  \\$aY
=LDO  \\$aCIP
=LEO  \\$aMP5.0000103617
=LEO  \\$aMP8.0001854213
=LEO  \\$aMP13.0001471349
=SRC  \\$aBNB03$bbibmp5.200404.2.aa
=SRC  \\$aDSC01$bbibmp8.200404.2.ac
=SRC  \\$aHSS01$bbibmp13.200404.2.ac
=SRC  \\$aLDS01$bbiblm.200404.2.aa
=STA  \\$aSUPPRESSED$bunable to determine reason for suppression
=LAS  \\$aIPL-CLA$b00$c20230331$lBLL01$h1619

