=LDR  07331cas a22014057  4500
=001  009542447
=003  Uk
=005  20230210004913.0
=007  ta
=008  901108d19502007enkwr\p\\\\\\\0\\\a0engdu
=FMT  \\$a  SE
=022  0\$a0007-1544$202
=030  \\$aBRNBBV
=040  \\$aMnMULS$cMnMULS$dCU-UC$dDLC$dm.c.$dOCoLC$dAIP$dNST$dUk
=084  \\$aAC 716$2blsrissc
=130  0\$aBritish national bibliography (Weekly)
=245  10$aBritish national bibliography. (1950)-Number 2972(2007). [LSR]. :$bBNB.
=246  30$aBritish national bibliography
=246  30$aBNB
=260  \\$aLondon :$bCouncil of the B.N.B.
=300  \\$av. ;$c22-30 cm.
=310  \\$aWeekly
=336  \\$atext$2rdacontent
=337  \\$aunmediated$2rdamedia
=338  \\$avolume$2rdacarrier
=595  \\$aSee also Floor 3 ID. See also Card Index.
=550  \\$aVols. for 1950-<1954> issued by the Council of the British National Bibliography; 1954-<1979> by the British Library, Bibliographic Services Division; later under it's subsequent name.
=580  \\$aIssued also in annual volumes and quarterly cumulations, subsequently interim cumulations.
=540  \\$aCurrent Copyright Fee: GBP25.00$c0$5Uk
=650  \0$aBibliography, National$zGreat Britain$vIndexes.
=651  \0$aGreat Britain$xImprints$vPeriodicals.
=710  2\$aBritish Library.$bBibliographic Services Division.
=710  2\$aBritish Library.$bBibliographic Services.
=710  2\$aCouncil of the British National Bibliography.
=852  41$aBritish Library$bDSC$cQ$j2330.995000$3(1950)-no. 2972 (2007)
=852  11$aBritish Library$bHMNTS$cSPHOA$kHLR$h015.41$3No. 1000 (1950)-no. 2972 (2007)
=852  71$aBritish Library$bSTI$k(A)$hAC 716$m-E(2) Science 2S$2blsrissc$3(1950)-no. 2972 (2007)***Set includes 1950-84 cumulation of author / title entries on microfiche.
=852  41$aBritish Library$bHMNTS$jPP.6481.cah$zIssues 1584-1586, 1596 on microfiche.
=945  \\$aBritish National Bibliography.
=959  \\$fCurrently received
=963  \\$a1950- *A=1$bY$cR854.E40-
=964  \\$a1950- *A=1$eTG4744
=985  \\$aDQ DO NOT MERGE - LARGE SERIAL RECORD
=A02  \\$a2038753
=CAT  \\$aCONV$b00$c20040425$lBLL90$h0848
=CAT  \\$aBATCH-CLA$b00$c20110831$lBLL01$h1808
=CAT  \\$aIPL-CLA$c20110930$lBLL01$h1519
=CAT  \\$aBATCH-CLA$b00$c20111130$lBLL01$h1222
=CAT  \\$aIPL-CLA$c20111230$lBLL01$h1805
=CAT  \\$aBATCH-CLA$b00$c20120229$lBLL01$h1639
=CAT  \\$aIPL-CLA$c20120330$lBLL01$h1405
=CAT  \\$aBATCH-CLA$b00$c20120531$lBLL01$h1724
=CAT  \\$aIPL-CLA$c20120629$lBLL01$h1002
=CAT  \\$aBATCH-CLA$b00$c20120831$lBLL01$h1546
=CAT  \\$aIPL-CLA$c20120930$lBLL01$h2023
=CAT  \\$aBATCH-UPD$b00$c20121030$lBLL01$h1027
=CAT  \\$aBATCH-CLA$b00$c20121104$lBLL01$h1004
=CAT  \\$aWR13.005$c20130323$lBLL01$h1235
=CAT  \\$aBATCH-CLA$b00$c20131129$lBLL01$h1658
=CAT  \\$aIPL-CLA$c20131231$lBLL01$h2017
=CAT  \\$aBATCH-CLA$b00$c20161130$lBLL01$h1649
=CAT  \\$aIPL-CLA$c20161230$lBLL01$h1907
=CAT  \\$aBATCH-CLA$b00$c20171130$lBLL01$h1715
=CAT  \\$aIPL-CLA$c20171231$lBLL01$h1440
=CAT  \\$aBATCH-CLA$b00$c20191129$lBLL01$h1630
=CAT  \\$aIPL-CLA$c20191231$lBLL01$h1801
=CAT  \\$aBATCH-CLA$b00$c20201126$lBLL01$h1420
=CAT  \\$aIPL-CLA$c20201231$lBLL01$h2004
=CAT  \\$aBATCH-CLA$b00$c20221130$lBLL01$h1458
=CAT  \\$aIPL-CLA$c20221231$lBLL01$h1917
=CAT  \\$aBATCH-CLA$b00$c20230209$lBLL01$h1545
=CAT  \\$aIPL-CLA$c20230210$lBLL01$h0049
=CFI  0\$aCurrent Copyright Fee: GBP25.00$c0$e09-feb-2023$fGBP25.00$g0$hC$5Uk
=CFI  2\$aBritish Library not licensed to copy$c0$e01-jan-2023$hC$iCFP Excluded$5Uk
=EXP  \\$aX
=SID  \\$aZ39$bOXFORD
=STA  \\$aSUPPRESSED$bLarge Serial Record
=TCO  \\$aCLA$bCLA$c008
=ACF  \\$aPrevious Copyright Fee: GBP12.00$c0$e01-apr-2012$fGBP12.00$g0$hC$5Uk
=ACF  \\$aPrevious Copyright Fee: GBP12.00$c0$e01-jan-2012$fGBP12.00$g0$hC$5Uk
=ACF  \\$aPrevious Copyright Fee: GBP10.50$c0$e01-oct-2011$fGBP10.50$g0$hC$5Uk
=ACF  \\$aPrevious Copyright Fee: GBP10.50$c0$e01-jul-2011$fGBP10.50$g0$hC$5Uk
=ACF  \\$aPrevious Copyright Fee: GBP10.50$c0$e01-apr-2011$fGBP10.50$g0$hC$5Uk
=ACF  \\$aPrevious Copyright Fee: GBP10.50$c0$e01-jan-2011$fGBP10.50$g0$hC$5Uk
=ACF  \\$aPrevious Copyright Fee: GBP9.00$c0$e01-oct-2010$fGBP9.00$g0$hC$5Uk
=ACF  \\$aPrevious Copyright Fee: GBP9.00$c0$e01-jul-2010$fGBP9.00$g0$hC$5Uk
=ACF  \\$aPrevious Copyright Fee: GBP9.00$c0$e01-apr-2010$fGBP9.00$g0$hC$5Uk
=ACF  \\$aPrevious Copyright Fee: GBP9.00$c0$e01-Jan-2010$fGBP9.00$g0$hC$5Uk
=ACF  \\$aPrevious Copyright Fee: GBP6.00$c0$e01-oct-2009$fGBP6.00$g0$hC$5Uk
=ACF  \\$aPrevious Copyright Fee: GBP6.00$c0$e01-jul-2009$fGBP6.00$g0$hC$5Uk
=ACF  \\$aPrevious Copyright Fee: GBP6.00$c0$e01-apr-2009$fGBP6.00$g0$hC$5Uk
=ACF  \\$aPrevious Copyright Fee: GBP6.00$c0$e01-jan-2009$fGBP6.00$g0$hC$5Uk
=ACF  \\$aPrevious Copyright Fee: GBP6.00$c0$e01-oct-2008$fGBP6.00$g0$hC$5Uk
=ACF  \\$aPrevious Copyright Fee: GBP6.00$c0$e01-jul-2008$fGBP6.00$g0$hC$5Uk
=ACF  \\$aPrevious Copyright Fee: GBP6.00$c0$e01-apr-2008$fGBP6.00$g0$hC$5Uk
=ACF  \\$aPrevious Copyright Fee: GBP6.00$c0$e01-jan-2008$fGBP6.00$g0$hC$5Uk
=ACF  \\$aPrevious Copyright Fee: GBP5.00$c0$e01-oct-2007$fGBP5.00$g0$hC$5Uk
=ACF  \\$aPrevious Copyright Fee: GBP5.00$c0$e01-jul-2007$fGBP5.00$g0$hC$5Uk
=ACF  \\$aPrevious Copyright Fee: GBP5.00$c0$e01-apr-2007$fGBP5.00$g0$hC$5Uk
=ACF  \\$aPrevious Copyright Fee: GBP5.00$c0$e01-jan-2007$fGBP5.00$g0$hC$5Uk
=ACF  \\$aPrevious Copyright Fee: GBP5.00$c0$e01-oct-2006$fGBP5.00$g0$hC$5Uk
=ACF  \\$aPrevious Copyright Fee: GBP5.00$c0$e01-jul-2006$fGBP5.00$g0$hC$5Uk
=ACF  \\$aPrevious Copyright Fee: GBP5.00$c0$e01-apr-2006$fGBP5.00$g0$hC$5Uk
=ACF  \\$aPrevious Copyright Fee: GBP5.00$c0$e01-jan-2006$fGBP5.00$g0$hC$5Uk
=ACF  \\$aPrevious Copyright Fee: GBP5.00$c0$e01-oct-2005$fGBP5.00$g0$hC$5Uk
=ACF  \\$aPrevious Copyright Fee: GBP5.00$c0$e01-jul-2005$fGBP5.00$g0$hC$5Uk
=ACF  \\$aPrevious Copyright Fee: GBP5.00$c0$e01-apr-2005$fGBP5.00$g0$hC$5Uk
=ACF  \\$aPrevious Copyright Fee: GBP5.00$c0$e01-jan-2005$fGBP5.00$g0$hC$5Uk
=ACF  \\$aPrevious Copyright Fee: GBP5.00$c0$e01-oct-2004$fGBP5.00$g0$hC$5Uk
=ACF  \\$aPrevious copyright fee: GBP5.00$c0$e01-jul-2002$fGBP5.00$g0$hC$5Uk
=ACF  \\$aCurrent copyright fee: GBP2.50$c0$e01-jul-1998$fGBP2.50$g0$hC$5Uk
=ACF  \\$aCurrent copyright fee: GBP2.30$c0$e01-apr-1997$fGBP2.30$g0$hC$5Uk
=ACF  \\$aPrevious Copyright Fee: GBP12.00$c0$e01-jul-2012$fGBP12.00$g0$hC$5Uk
=ACF  \\$aPrevious Copyright Fee: GBP12.00$c0$e01-oct-2012$fGBP12.00$g0$hC$5Uk
=ACF  \\$aPrevious Copyright Fee: GBP12.30$c0$e01-jan-2014$fGBP12.30$g0$hC$5Uk
=ACF  \\$aPrevious Copyright Fee: GBP15.00$c0$e01-jan-2017$fGBP15.00$g0$hC$5Uk
=ACF  \\$aPrevious Copyright Fee: GBP17.50$c0$e01-jan-2018$fGBP17.50$g0$hC$5Uk
=ACF  \\$aPrevious Copyright Fee: GBP20.00$c0$e01-jan-2020$fGBP20.00$g0$hC$5Uk
=ACF  \\$aPrevious Copyright Fee: GBP22.50$c0$e01-jan-2021$fGBP22.50$g0$hC$5Uk
=LAS  \\$aIPL-CLA$b00$c20230210$lBLL01$h0049

