=LDR  03904 as a22008537  4500
=001  007188724
=003  Uk
=005  20070627143340.0
=008  040409d196u2003miuar\p\b\\\\\0\\\a0eng\\
=FMT  \\$a  SE
=022  0\$a0149-9890
=040  \\$aUk$cUk$dUk
=110  2\$aAmerican Society of Agricultural Engineers.
=245  10$aPaper- American Society of Agricultural Engineers. (196u)-no. 8027 (2003). [LSR].
=246  3\$aASAE paper
=246  3\$aASAE technical paper
=246  3\$aAn ASAE/CSAE meeting presentation
=246  1\$iAlso known as:$aPaper- American Society of Agricultural and Biological Engineers
=246  1\$iAlso known as:$aASABE paper
=246  1\$iAlso known as:$aASABE technical paper
=246  1\$iAlso known as:$aAn ASABE/CSAE meeting presentation
=260  \\$aSt. Joseph, Mich.,$bAmerican Society of Agricultural Engineers.
=300  \\$av. ;$c30 cm.
=310  \\$aIrregular
=336  \\$atext$2rdacontent
=337  \\$aunmediated$2rdamedia
=338  \\$avolume$2rdacarrier
=500  \\$aThe name of ASAE (American Society of Agricultural Engineers) is now the American Society of Agricultural and Biological Engineers (ASABE). The name change was approved earlier this year by membership vote and formally adopted July 19, 2005 at the Society's annual business meeting.
=595  \\$aSee also 6369.641000 to 6369.645600 and RMS. See also card index.
=540  \\$aBritish Library not licensed to copy$c0$5Uk
=710  2\$aAmerican Society of Agricultural and Biological Engineers.
=711  2\$aASAE International Meeting.
=852  41$aBritish Library$bDSC$j6369.640000$3no. 221 (1960)-no. 8027(2003)
=852  41$aBritish Library$bSTI$k(MP)$hDQ 20$m-E(25)$31973-1994 set incomplete
=945  \\$aPaper- American Society of Agricultural Engineers
=985  \\$aDQ DO NOT MERGE - LARGE SERIAL RECORD
=A02  \\$a2122366
=CAT  \\$aCONV$b00$c20040425$lBLL90$h0708
=CAT  \\$a8180$b40$c20070508$lBLL01$h1051
=CAT  \\$a8180$b40$c20070508$lBLL01$h1135
=CAT  \\$a10932$b40$c20070627$lBLL01$h1234
=CAT  \\$a10932$b40$c20070627$lBLL01$h1310
=CAT  \\$a10932$b40$c20070627$lBLL01$h1433
=CAT  \\$aBATCH-UPD$b40$c20080223$lBLL01$h2053
=CAT  \\$aBATCH-UPD$b40$c20080225$lBLL01$h2348
=CAT  \\$aBATCH-UPD$b40$c20080330$lBLL01$h0046
=CAT  \\$aBATCH-UPD$b40$c20080330$lBLL01$h1050
=CAT  \\$aBATCH$b00$c20080330$lBLL01$h1832
=CAT  \\$aBATCH$b00$c20091207$lBLL01$h0414
=CAT  \\$aBATCH$b00$c20091214$lBLL01$h0219
=CAT  \\$aBATCH$b00$c20091216$lBLL01$h0040
=CAT  \\$aBATCH-UPD$b00$c20100225$lBLL01$h2257
=CAT  \\$aBATCH-UPD$b00$c20100331$lBLL01$h2044
=CAT  \\$aBATCH-UPD$b00$c20100401$lBLL01$h0023
=CAT  \\$aBATCH$b00$c20100401$lBLL01$h0334
=CAT  \\$aBATCH$b00$c20100401$lBLL01$h1334
=CAT  \\$aBATCH-UPD$b00$c20101124$lBLL01$h1727
=CAT  \\$aBATCH-UPD$b00$c20101125$lBLL01$h0951
=CAT  \\$aIPL-CLA$c20101231$lBLL01$h1154
=CAT  \\$aBATCH-UPD$b00$c20110907$lBLL01$h1753
=CAT  \\$aIPL-CLA$c20110908$lBLL01$h1705
=CAT  \\$aBATCH-UPD$b00$c20121030$lBLL01$h1027
=CAT  \\$aBATCH-CLA$b00$c20121103$lBLL01$h1028
=CFI  0\$aBritish Library not licensed to copy$c0$e07-sep-2011$hC$iTX$5Uk
=CFI  2\$aPrevious copyright fee: GBP10.50$c0$e01-jan-2011$fGBP10.50$g0$hA$5Uk
=EXP  \\$aX
=STA  \\$aSUPPRESSED$bLarge Serial Record
=TCO  \\$aTRS$bCCC$c008
=ACF  \\$aPrevious copyright fee: GBP9.00$c0$e01-apr-2010$fGBP9.00$g0$hA$5Uk
=ACF  \\$aPrevious copyright fee: GBP6.00$c0$e01-apr-2008$fGBP6.00$g0$hA$5Uk
=ACF  \\$aPrevious Copyright Fee: GBP5.00$c0$e24-nov-2005$fGBP5.00$g0$hA$5Uk
=ACF  \\$aCurrent copyright fee: GBP4.40$c0$e01-jul-1998$fGBP4.40$g0$hA$5Uk
=ACF  \\$aCurrent copyright fee: GBP4.20$c0$e01-apr-1997$fGBP4.20$g0$hA$5Uk
=LAS  \\$aBATCH-CLA$b00$c20121103$lBLL01$h1028

