=LDR  01986cas a22005537  4500
=001  007194428
=003  Uk
=005  20130129111517.0
=007  ta
=008  040416d18902005enkur\p\\\\\\f0\\\a0eng\\
=FMT  \\$a  SE
=040  \\$aUk$beng$cUk$dUk
=110  1\$aGreat Britain.
=240  10$aLaws, etc. (Statutory instruments)
=245  10$aStatutory instruments. 1890-2005. [LSR].
=260  \\$aLondon :$bH.M.S.O.
=300  \\$av. ;$c24-31 cm.
=336  \\$atext$2rdacontent
=337  \\$aunmediated$2rdamedia
=338  \\$avolume$2rdacarrier
=500  \\$aIncludes Welsh publications.
=595  \\$aSEE OFFICIAL PUBLICATIONS.
=650  \0$aDelegated legislation$zGreat Britain$vPeriodicals.
=650  \0$aLaw$zGreat Britain$vPeriodicals.
=852  49$aBritish Library$bDSC$j8458.570000
=852  41$aBritish Library$bSTI$k(P)$hBA 25$m-E(1)$31948-1998
=852  41$aBritish Library$bHMNTS$jOPL.BS.24.b/1*$31890-2005
=945  \\$aSTATUTORY INSTRUMENTS -LONDON-.
=963  \\$a1890- *A=1$bY$cOP.3.06
=985  \\$aDQ DO NOT MERGE - LARGE SERIAL RECORD
=A02  \\$a2160592$z343
=CAT  \\$aCONV$b00$c20040425$lBLL90$h0713
=CAT  \\$aCONV$b00$c20040502$lBLL01$h1212
=CAT  \\$a10932$b40$c20070705$lBLL01$h1748
=CAT  \\$a10932$b40$c20070706$lBLL01$h0759
=CAT  \\$a10932$b40$c20070706$lBLL01$h0836
=CAT  \\$aBATCH$b00$c20091207$lBLL01$h0416
=CAT  \\$aBATCH$b00$c20091214$lBLL01$h0222
=CAT  \\$aBATCH$b00$c20091216$lBLL01$h0041
=CAT  \\$aBATCH-UPD$b00$c20121030$lBLL01$h1027
=CAT  \\$aBATCH-CLA$b00$c20121103$lBLL01$h1027
=CAT  \\$a10932$b40$c20130129$lBLL01$h1115
=CAT  \\$aWR13.005$c20130323$lBLL01$h1310
=CFI  2\$aCurrent copyright fee: GBP4.40$c0$e01-jul-1998$fGBP4.40$g0$hA$5Uk
=EXP  \\$aX
=STA  \\$aSUPPRESSED$bLarge Serial Record
=TCO  \\$aCLA$bCLA$c008
=ACF  \\$aCurrent copyright fee: GBP4.20$c0$e01-apr-1997$fGBP4.20$g0$hA$5Uk
=LAS  \\$aWR13.005$b00$c20130323$lBLL01$h1310

