=LDR  04945cas a2201069   4500
=001  007196311
=003  Uk
=005  20221231182533.0
=007  ta
=008  831025d19062010sz\\x\p\\\\\\\0\\\b0mul\\
=FMT  \\$a  SE
=040  \\$aUk$cUk$dUk
=041  0\$aeng$afre
=082  04$a621.3$222
=084  \\$aRG 16$2blsrissc
=130  0\$aPublication (International Electrotechnical Commission)
=245  10$aPublication 1906-2010 [LSR] /$cInternational Electrotechnical Commission = Publication / Commission Electrotechnique Internationale.
=246  1\$iSome vols. have added French title:$aFascicule
=246  3\$aIEC publications
=246  3\$aNorme internationale
=246  3\$aInternational standard
=246  3\$aIEC standard
=246  3\$aIEC/TR
=246  3\$aNorme de la CEI
=246  3\$aTechnical report
=246  3\$aRapport technique
=260  \\$aLondon :$bIEC
=260  3\$aGenève :$bCEI/IEC
=300  \\$av. ;$c28-30 cm.
=310  \\$aIrregular
=336  \\$atext$2rdacontent
=337  \\$aunmediated$2rdamedia
=338  \\$avolume$2rdacarrier
=546  \\$aEnglish and French.
=500  \\$a"Publication" not printed on issues, <1996->
=500  \\$aEach publication has a distinctive title and report number, retained through revisions.
=500  \\$aEach title may be issued in two sub-series: Norme de la CEI = IEC standard, later changed to Norme internationale = International standard; and, Rapport technique = Technical report.
=515  \\$aFrom 1 Jan. 1997, all IEC publications are issued with designation in 60000 series, for example report 34-1 became IEC 60034-1.
=540  \\$aCurrent Copyright Fee: GBP25.00$c0$5Uk
=650  \0$aElectrical engineering$vPeriodicals.
=650  \0$aElectrical engineering$xStandards$vPeriodicals.
=650  \0$aElectronic apparatus and appliances$vPeriodicals.
=650  \0$aElectronic apparatus and appliances$xStandards$vPeriodicals.
=710  2\$aInternational Electrotechnical Commission.
=852  71$aBritish Library$bSTI$k(TP)$hRG 16$m-E(1)$2blsrissc$3Accompanying electronic software
=852  71$aBritish Library$bSTI$k(P)$hRG 16$m-E(1)$2blsrissc$3No. 34 (1968)-(2010)***Set incomplete.
=852  41$aBritish Library$bHMNTS$j8754.d.13.$3No. 4-30.***Imperfect; wanting no. 1-3, 8, 20.
=852  49$aBritish Library$bDSC$j7086.240000$3No. 1- 350 shelved in non-current; 351- 800 shelved in LC; 801- shelved in current store, regardless of date.
=945  \\$aPublication- International Electrotechnical Commission
=959  \\$fHeld but not currently received
=985  \\$aDQ DO NOT MERGE - LARGE SERIAL RECORD
=A02  \\$a2134176$z3959
=CAT  \\$aCONV$b00$c20040425$lBLL90$h0713
=CAT  \\$aBATCH$b00$c20100401$lBLL01$h0336
=CAT  \\$aBATCH$b00$c20100401$lBLL01$h1336
=CAT  \\$a6098$b40$c20100914$lBLL01$h1106
=CAT  \\$aBATCH-UPD$b40$c20101124$lBLL01$h1729
=CAT  \\$aBATCH-UPD$b40$c20101125$lBLL01$h0953
=CAT  \\$aIPL-CLA$c20101231$lBLL01$h1156
=CAT  \\$a10932$b40$c20110209$lBLL01$h1125
=CAT  \\$a10932$b40$c20110209$lBLL01$h1126
=CAT  \\$aWR11_203$c20111204$lBLL01$h1255
=CAT  \\$aIPL-CLA$c20111230$lBLL01$h1659
=CAT  \\$aBATCH-UPD$b00$c20121030$lBLL01$h1027
=CAT  \\$aBATCH-CLA$b00$c20121103$lBLL01$h1027
=CAT  \\$aBATCH-CLA$c20131217$lBLL01$h0108
=CAT  \\$aIPL-CLA$c20131231$lBLL01$h1844
=CAT  \\$aBATCH-CLA$b00$c20161222$lBLL01$h1655
=CAT  \\$aIPL-CLA$c20161230$lBLL01$h1803
=CAT  \\$aBATCH-CLA$b00$c20171222$lBLL01$h1950
=CAT  \\$aIPL-CLA$c20171231$lBLL01$h1340
=CAT  \\$aBATCH-CLA$b00$c20191219$lBLL01$h1620
=CAT  \\$aIPL-CLA$c20191231$lBLL01$h1714
=CAT  \\$aR2001-1524$c20200127$lBLL01$h1922
=CAT  \\$aBATCH-CLA$b00$c20201204$lBLL01$h1415
=CAT  \\$aIPL-CLA$c20201231$lBLL01$h1909
=CAT  \\$aBATCH-CLA$b00$c20221221$lBLL01$h1718
=CAT  \\$aIPL-CLA$c20221231$lBLL01$h1825
=CFI  0\$aCurrent Copyright Fee: GBP25.00$c0$e01-jan-2023$fGBP25.00$g0$hA$5Uk
=CFI  2\$aPrevious Copyright Fee: GBP22.50$c0$e01-jan-2021$fGBP22.50$g0$hA$5Uk
=EXP  \\$aX
=STA  \\$aSUPPRESSED$bLarge Serial Record
=TCO  \\$aCHE$bPRO LITTERIS$c008
=ACF  \\$aPrevious copyright fee: GBP9.00$c0$e01-apr-2010$fGBP9.00$g0$hA$5Uk
=ACF  \\$aPrevious copyright fee: GBP6.00$c0$e06-apr-2009$fGBP6.00$g0$hA$5Uk
=ACF  \\$aPrevious copyright fee: GBP10.50$c0$e01-jan-2011$fGBP10.50$g0$hA$5Uk
=ACF  \\$aPrevious copyright fee: GBP12.00$c0$e01-jan-2012$fGBP12.00$g0$hA$5Uk
=ACF  \\$aPrevious Copyright Fee: GBP12.30$c0$e01-jan-2014$fGBP12.30$g0$hA$5Uk
=ACF  \\$aPrevious Copyright Fee: GBP15.00$c0$e01-jan-2017$fGBP15.00$g0$hA$5Uk
=ACF  \\$aPrevious Copyright Fee: GBP17.50$c0$e01-jan-2018$fGBP17.50$g0$hA$5Uk
=ACF  \\$aPrevious Copyright Fee: GBP20.00$c0$e01-jan-2020$fGBP20.00$g0$hA$5Uk
=LAS  \\$aIPL-CLA$b00$c20221231$lBLL01$h1825

