=LDR  01965cam a2200601 a 4500
=001  007751607
=003  Uk
=005  20220331212329.0
=008  010222s2000\\\\enkab\\||\\\\\001\||eng\\
=FMT  \\$a  BK
=015  \\$aGBA113343$2bnb
=019  y\$abA113343
=019  9\$a0080436307
=019  0\$as664878008
=020  \\$a0080436307 :$cNo price
=039  0\$a2631
=040  \\$aDLC$cDLC$dUk
=082  04$a388.072$221
=084  \\$aPP 276$2blsrissc
=084  \\$aPP 14$2blsrissc
=245  00$aGeographic information systems in transportation research /$cedited by Jean-Claude Thill.
=260  \\$aAmsterdam ;$aLondon :$bPergamon,$c2000.
=300  \\$a450 p. :$bill., maps ;$c27 cm.
=336  \\$atext$2rdacontent
=337  \\$aunmediated$2rdamedia
=338  \\$avolume$2rdacarrier
=597  \\$aEnhanced$bSRIS DDC
=500  \\$aIncludes index.
=540  \\$aCurrent Copyright Fee: GBP25.00$c0$5Uk
=650  \0$aTransportation engineering.
=650  \0$aGeographic information systems.
=700  1\$aThill, Jean-Claude.
=852  41$aBritish Library$bDSC$jm06/.16626
=852  71$aBritish Library$bSTI$k(B)$hPP 276$2blsrissc
=957  \\$a010208c
=CAT  \\$aCONV$b00$c20040425$lBLL90$h0617
=CAT  \\$aCONV$b00$c20040502$lBLL01$h1231
=CAT  \\$a6605$b40$c20060316$lBLL01$h1414
=CAT  \\$aglobal_upd$b40$c20060417$lBLL01$h0454
=CAT  \\$aBATCH$b00$c20091121$lBLL01$h2136
=CAT  \\$aWR12-140$c20121031$lBLL01$h1801
=CAT  \\$aBATCH-CLAB$c20220330$lBLL01$h1555
=CAT  \\$aIPL-CLA$c20220331$lBLL01$h2123
=CFI  0\$aCurrent Copyright Fee: GBP25.00$c0$e01-apr-2022$fGBP25.00$g0$hC$5Uk
=FIN  \\$aY
=LEO  \\$aMP5.0001527424
=LEO  \\$aMP25.0000346052
=LEO  \\$aMP8.0001695320
=SRC  \\$aBNB03$bbibmp5.200404.2.ac
=SRC  \\$aSRI01$bbibmp25.200404.2.aa
=SRC  \\$aDSC01$bbibmp8.200404.2.ac
=STA  \\$aSUPPRESSED$bNegative Record
=LAS  \\$aIPL-CLA$b00$c20220331$lBLL01$h2123

