=LDR  01914pam a2200541 a 4500
=001  006889991
=003  Uk
=005  20050630174012.0
=008  011025s2002\\\\nyua\\\\\b\\\\001\0\eng\c
=FMT  \\$a  BK
=010  \\$a2001054804
=015  \\$aGBA556045$2bnb
=016  7\$a006889991$2Uk
=020  \\$a0827381484
=035  \\$a(DNLM)101130952
=040  \\$aDNLM/DLC$cDLC$dDLC$dUk
=042  \\$aukblsr
=050  00$aRJ245$b.P4185 2002
=060  10$aWY 159$bP37332 2002
=082  00$a610.7362$221
=245  00$aPediatric nursing :$bcaring for children and their families /$c[edited by] Nicki L. Potts and Barbara L. Mandleco.
=260  \\$aClifton Park, NY :$bDelmar,$cc2002.
=300  \\$axxxi, 1323 p. :$bcol. ill. ;$c29 cm. +$e1 CD-ROM (4 3/4 in.)
=336  \\$atext$2rdacontent
=337  \\$aunmediated$2rdamedia
=338  \\$avolume$2rdacarrier
=538  \\$aSystem requirements for accompanying CD-ROM: Microsoft Windows 95 or newer.
=504  \\$aIncludes bibliographical references and index.
=650  \0$aPediatric nursing.
=650  12$aNursing Care$xmethods$xChild.
=650  22$aPediatric Nursing$xmethods.
=700  1\$aPotts, Nicki L.$q(Nicki Lee).
=700  1\$aMandleco, Barbara Hartwig.
=852  41$aBritish Library$bHMNTS$jEMC.2006.b.76
=852  11$aBritish Library$bSTI$k(TB)$h610.7362
=CAT  \\$aCONV$b00$c20040502$lBLL01$h1202
=CAT  \\$a12323$b40$c20050623$lBLL01$h1059
=CAT  \\$a5375$b40$c20050630$lBLL01$h1740
=CAT  \\$aBATCH$b00$c20091207$lBLL01$h0316
=CAT  \\$aWR16_021$c20160608$lBLL01$h1730
=CAT  \\$aW1711-1225$c20171203$lBLL01$h1014
=CAT  \\$aBATCH-UPD$b00$c20171203$lBLL01$h1041
=FIN  \\$aY$d20050630
=LDO  \\$aBANK$bhbk$c3/12/03
=SID  \\$aZ39$bLOC
=SRC  \\$aLDS01$bbiblm.200404.2.aa
=STA  \\$aSUPPRESSED$bunable to determine reason for suppression
=LAS  \\$aBATCH-UPD$b00$c20171203$lBLL01$h1041

