=LDR  02215cam a22005413  4500
=001  006926105
=003  Uk
=005  20230302174758.0
=008  040423s2003\\\\||||||||||||||||||||eng\\
=FMT  \\$a  BK
=020  \\$a0853101485
=245  00$aNitrogen and Phosphate Fertiliser Industries in Poland
=260  \\$bInternational Fertiliser Society$c2003
=336  \\$atext$2rdacontent
=337  \\$aunmediated$2rdamedia
=338  \\$avolume$2rdacarrier
=490  0\$a512 : Proceedings - The International Fertiliser Society$x1466-1314
=540  \\$aCurrent Copyright Fee: GBP25.00$c0$5Uk
=883  0\$aLanguage codes assigned by Bayesian analysis of words present in record$d20200826$qUk$c0.9919
=852  71$aBritish Library$bSTI$k(P)$hDP 00$m-E(5)$2blsrissc
=852  71$aBritish Library$bSTI$k(TP)$hDP 00$m-E(5)$2blsrissc
=852  41$aBritish Library$bDSC$j6732.105000
=985  \\$aUpgraded by BSS-generated file for WR2009-0365
=AQN  \\$aREC AS A SRIS SERIAL
=CAT  \\$aCONV$b00$c20040502$lBLL01$h1203
=CAT  \\$aBATCH$b00$c20091207$lBLL01$h0319
=CAT  \\$aBATCH$b00$c20091224$lBLL01$h2304
=CAT  \\$a7792$b40$c20160818$lBLL01$h0754
=CAT  \\$aBATCH-CLA$b00$c20161221$lBLL01$h2025
=CAT  \\$aIPL-CLA$c20161230$lBLL01$h1751
=CAT  \\$aW1711-1225$c20171203$lBLL01$h1016
=CAT  \\$aBATCH-CLA$b00$c20171221$lBLL01$h1314
=CAT  \\$aIPL-CLA$c20171231$lBLL01$h1328
=CAT  \\$aW2009-0365$b00$c20201017$lBLL01$h0845
=CAT  \\$aBATCH-CLA$b00$c20201203$lBLL01$h1412
=CAT  \\$aIPL-CLA$c20201231$lBLL01$h1858
=CAT  \\$aBATCH-CLA$b00$c20221206$lBLL01$h1745
=CAT  \\$aIPL-CLA$c20221231$lBLL01$h1815
=CAT  \\$aBATCH-CLA$b00$c20230302$lBLL01$h1747
=CFI  0\$aCurrent Copyright Fee: GBP25.00$c0$e09-feb-2023$fGBP25.00$g0$hC$5Uk
=LDO  \\$aLDO$bpbk$c11/9/03
=NEG  \\$aNegative
=SRC  \\$aLDS01$bbiblm.200404.2.aa
=STA  \\$aSUPPRESSED$bunable to determine reason for suppression
=TCO  \\$aCLA$bCLA$c008
=ACF  \\$aPrevious Copyright Fee: GBP15.00$c0$e01-jan-2017$fGBP15.00$g0$hC$5Uk
=ACF  \\$aPrevious Copyright Fee: GBP17.50$c0$e01-jan-2018$fGBP17.50$g0$hC$5Uk
=LAS  \\$aBATCH-CLA$b00$c20230302$lBLL01$h1747

