=LDR  02171 am a2200649 a 4500
=001  006929322
=003  Uk
=005  20050615134045.0
=008  030321s2004\\\\paua\\\\\b\\\\001\0\eng\\
=FMT  \\$a  BK
=010  \\$a2003045649
=015  \\$aGBA551584$2bnb
=016  7\$a006929322$2Uk
=019  y\$abA3V6638
=019  9\$a0721689647
=020  \\$a0721689647 :$cNo price
=035  \\$a(DNLM)101172145
=039  0\$a2753
=040  \\$aDNLM/DLC$cDLC$dDLC$dUk
=042  \\$aukblsr
=050  00$aRJ385$b.I46 2004
=060  10$aWD 300$bI324 2004
=082  00$a618.9297$222
=245  00$aImmunologic disorders in infants & children /$c[edited by] E. Richard Stiehm, Hans D. Ochs, Jerry A. Winkelstein.
=246  3\$aImmunologic disorders in infants and children
=250  \\$a5th ed.
=260  \\$bElsevier Saunders,$c2004.
=260  \\$aPhiladelphia, Pa. ;$a[Great Britain] :$bW.B. Saunders,$cc2004.
=300  \\$axxi, 1512 p. :$bill. ;$c28 cm.
=336  \\$atext$2rdacontent
=337  \\$aunmediated$2rdamedia
=338  \\$avolume$2rdacarrier
=504  \\$aIncludes bibliographical references and index.
=650  \0$aImmunologic diseases in children.
=650  \0$aDevelopmental immunology.
=650  12$aImmunologic Diseases$xChild.
=650  12$aImmunologic Diseases$xInfant.
=700  1\$aStiehm, E. Richard,$d1933-
=700  1\$aOchs, Hans D.,$d1936-
=700  1\$aWinkelstein, Jerry A.,$d1940-
=852  41$aBritish Library$bDSC$jm05/.25933
=852  11$aBritish Library$bSTI$k(B)$h618.9297
=CAT  \\$aCONV$b00$c20040502$lBLL01$h1203
=CAT  \\$a11168$b40$c20050614$lBLL01$h1027
=CAT  \\$a9657$b40$c20050615$lBLL01$h1337
=CAT  \\$a9657$b40$c20050615$lBLL01$h1340
=CAT  \\$aBATCH$b00$c20091207$lBLL01$h0319
=CAT  \\$aWR16_021$c20160608$lBLL01$h1740
=CAT  \\$aW1711-1225$c20171203$lBLL01$h1016
=FIN  \\$aY$d20050615
=LDO  \\$aCIP
=LEO  \\$aMP5.0000208643
=SID  \\$aZ39$bLOC
=SRC  \\$aBNB03$bbibmp5.200404.2.aa
=SRC  \\$aLDS01$bbiblm.200404.2.aa
=STA  \\$aSUPPRESSED$bunable to determine reason for suppression
=LAS  \\$aW1711-1225$b00$c20171203$lBLL01$h1016

