=LDR  02867cam a2200769 a 4500
=001  007052140
=003  Uk
=005  20230331160719.0
=008  030715s2003\\\\enkac\\\\ac\\\101\0\eng\\
=FMT  \\$a  BK
=015  \\$aGBA3V6031$2bnb
=016  7\$a007052140$2Uk
=019  y\$abA3V6031
=019  9\$a1841840750
=019  g\$aadv5004893780
=019  a\$aG07927319
=020  \\$a1841840750 :$c£75.00
=039  0\$a2753
=040  \\$aStDuBDS$beng$cUk$dUk
=042  \\$aukblsr
=082  04$a612.804$222
=245  00$aCholinergic mechanisms :$bfunction and dysfunction /$cIsrael Silman ... [et al.].
=260  \\$aLondon$bTaylor & Francis$c2004
=300  \\$alxiv, 774 p. :$bill. (some col.) ;$c26 cm.
=336  \\$atext$2rdacontent
=337  \\$aunmediated$2rdamedia
=338  \\$avolume$2rdacarrier
=500  \\$aConference papers.
=504  \\$aIncludes bibliographical references and index.
=500  \\$aFormerly CIP.$5Uk
=520  \\$aThe triennnial symposium on cholinergic mechanisms provides a key multidisciplinary forum for their interaction, and the proceedings of the XIth ISCM provide a cutting edge profile of research progress in this important field of research.
=540  \\$aCurrent Copyright Fee: GBP34.00$c0$5Uk
=650  \0$aCholinergic mechanisms.
=700  1\$aSilman, Israel.
=852  11$aBritish Library$bSTI$k(B)$h612.804
=852  41$aBritish Library$bDSC$jm04/32896
=916  \\$a700=NOTNAL
=966  \\$uo$lACQUIS 03/09/2003
=CAT  \\$aCONV$b00$c20040425$lBLL90$h0541
=CAT  \\$a11249$b40$c20040902$lBLL01$h1041
=CAT  \\$a11249$b40$c20040902$lBLL01$h1043
=CAT  \\$a11249$b40$c20040902$lBLL01$h1045
=CAT  \\$a11070$b40$c20040902$lBLL01$h1153
=CAT  \\$a11244$b40$c20040903$lBLL01$h1040
=CAT  \\$a6296$b40$c20041013$lBLL01$h1030
=CAT  \\$aglobal_upd$b40$c20060417$lBLL01$h0324
=CAT  \\$aBATCH$b00$c20091118$lBLL01$h2226
=CAT  \\$aBATCH$b00$c20091207$lBLL01$h0326
=CAT  \\$aBATCH$b00$c20091214$lBLL01$h0158
=CAT  \\$aBATCH$b00$c20091216$lBLL01$h0033
=CAT  \\$aWR16_021$c20160609$lBLL01$h1944
=CAT  \\$aW1711-1225$c20171203$lBLL01$h1018
=CAT  \\$aBATCH-CLAB$c20220908$lBLL01$h1335
=CAT  \\$aIPL-CLA$c20220930$lBLL01$h1545
=CAT  \\$aBATCH-CLAB$c20230324$lBLL01$h1354
=CAT  \\$aIPL-CLA$c20230331$lBLL01$h1607
=CFI  0\$aCurrent Copyright Fee: GBP34.00$c0$e01-apr-2023$fGBP34.00$g0$hC$5Uk
=CFI  2\$aPrevious Copyright Fee: GBP28.00$c0$e01-oct-2022$fGBP28.00$g0$hC$5Uk
=FIN  \\$aY
=LDO  \\$aCIP
=LEO  \\$aMP5.0000382651
=LEO  \\$aMP8.0001887239
=SRC  \\$aLDS01$bbiblm.200404.2.aa
=SRC  \\$aBNB03$bbibmp5.200404.2.aa
=SRC  \\$aDSC01$bbibmp8.200404.2.ac
=STA  \\$aSUPPRESSED$bunable to determine reason for suppression
=LAS  \\$aIPL-CLA$b00$c20230331$lBLL01$h1607

