=LDR  01546 am a2200481ua 4500
=001  005398700
=003  Uk
=005  20160610125000.0
=008  011106s2001\\\\enk\\\\||\\\\|00|\||eng\\
=FMT  \\$a  BK
=015  \\$aGBA158072$2bnb
=019  0\$as67135700x
=020  \\$c(spiral)
=040  \\$aUk$cUk
=082  04$a305.209421$221
=084  \\$aAQ 89$2blsrissc
=245  00$aMarketing to Londoners.
=260  \\$aLondon :$bMintel International Group,$c2001.
=300  \\$a118 p. :$bill. ;$c30 cm.
=336  \\$atext$2rdacontent
=337  \\$aunmediated$2rdamedia
=338  \\$avolume$2rdacarrier
=490  1\$aMintel special report
=650  \0$aConsumers$zGreat Britain$zLondon$xAttitudes.
=650  \0$aConsumers$zGreat Britain$zLondon$xAttitudes$vStatistics.
=650  \0$aMarket surveys$zGreat Britain.
=710  2\$aMintel International Group Ltd.
=830  \0$aMintel special report.
=852  41$aBritish Library$bHMNTS$jYD.2017.b.426
=852  71$aBritish Library$bSTI$cRES$k(XB)$hAQ 89$2blsrissc
=957  \\$a011003c
=968  \\$cBR
=CAT  \\$aCONV$b00$c20040502$lBLL01$h1059
=CAT  \\$aUE-01$b00$c20050929$lBLL01$h1402
=CAT  \\$aBATCH$b00$c20091118$lBLL01$h0011
=CAT  \\$aBATCH$b00$c20091216$lBLL01$h2208
=CAT  \\$aWR12-140$c20121030$lBLL01$h1102
=CAT  \\$aBATCH-UPD$b00$c20160610$lBLL01$h1250
=FIN  \\$aY
=LEO  \\$aMP25SBR.0000000250
=SRC  \\$aSTI01$bbibmp25r.200404.2.aa
=STA  \\$aSUPPRESSED$bBusiness Reserve: STM
=LAS  \\$aBATCH-UPD$b00$c20160610$lBLL01$h1250

