=LDR  01498 as a22004093  4500
=001  005399087
=003  Uk
=005  20210423175151.0
=008  040409u|||||||||||a|\p|||\\\\0\\\|0rus\\
=FMT  \\$a  SE
=019  c\$a2188757
=040  \\$aUk$cUk
=245  00$aAVTOMATIZATSIIA VVODA PISMENNYKH ZNAKOV V EVM KONFERENTSIIA.
=336  \\$atext$2rdacontent
=337  \\$aunmediated$2rdamedia
=338  \\$avolume$2rdacarrier
=595  \\$aSEE CYRILLIC BOOK INDEX.
=886  2\$2blmarc$a959
=883  0\$aLanguage codes assigned by Bayesian analysis of words present in record$d20210115$qUk$c0.9450
=852  41$aBritish Library$bDSC$j0000.525000
=852  71$aBritish Library$bSTI$k(P)$hBR 87$m-R(1)$31, 1965-***Accession number 245003
=945  \\$aAVTOMATIZATSIIA VVODA PISMENNYKH ZNAKOV V EVM KONFERENTSIIA.
=A02  \\$a2188757
=CAT  \\$aCONV$b00$c20040502$lBLL01$h1100
=CAT  \\$aBATCH$b00$c20091205$lBLL01$h2331
=CAT  \\$aWR12-140$c20121031$lBLL01$h1338
=CAT  \\$aBATCH-CLA$b00$c20121102$lBLL01$h1756
=CAT  \\$aWR13.005$c20130323$lBLL01$h1520
=CAT  \\$aW2102-0046$b00$c20210423$lBLL01$h1751
=CFI  2\$aCurrent copyright fee: GBP4.40$c0$e01-jul-1998$fGBP4.40$g0$hA$5Uk
=FIN  \\$aY
=LEO  \\$aMP10.0000000042
=SRC  \\$aDSS01$bbibmp10.200404.2.aa
=STA  \\$aSUPPRESSED$bDSC Serial X-REF
=TCO  \\$aZZZ$c008
=ACF  \\$aCurrent copyright fee: GBP4.20$c0$e01-apr-1997$fGBP4.20$g0$hA$5Uk
=LAS  \\$aW2102-0046$b00$c20210423$lBLL01$h1751

