=LDR  00962 as a22002773  4500
=001  005566314
=003  Uk
=005  20210423181218.0
=008  040416u\\\\\\\\|||a|||||||||||||||0eng\\
=FMT  \\$a  SE
=245  00$aINDUSTRIAL PROPERTY BULLETIN
=336  \\$atext$2rdacontent
=337  \\$aunmediated$2rdamedia
=338  \\$avolume$2rdacarrier
=883  0\$aLanguage codes assigned by Bayesian analysis of words present in record$d20210115$qUk$c0.9450
=852  71$aBritish Library$bSTI$cBIPC$hIP Open Access
=852  41$aBritish Library$bSTI$jRejected by STB
=A02  \\$a1446545$z46545
=CAT  \\$aCONV$b00$c20040502$lBLL01$h1105
=CAT  \\$aBATCH$b00$c20091206$lBLL01$h0035
=CAT  \\$aW1711-1225$c20171203$lBLL01$h1013
=CAT  \\$aW2102-0046$b00$c20210423$lBLL01$h1812
=SRC  \\$aDSS03$bbibsr.200404.2.aa
=STA  \\$aSUPPRESSED$bunable to determine reason for suppression
=TCO  \\$aZZZ$c008
=LAS  \\$aW2102-0046$b00$c20210423$lBLL01$h1812

