=LDR  02756 as a22006977  4500
=001  007168140
=003  Uk
=005  20070912174624.0
=007  ta
=008  040409d18642006vp\au\p\\\\\\\0\\\b0spa\\
=FMT  \\$a  SE
=022  0\$a0122-2112
=040  \\$aUk$cUk$dUk
=082  0\$a328.2
=084  \\$aBM 50(CO4)$2blsrissc
=110  1\$aColombia.
=245  00$aDiario oficial. 1864-2006. [LSR] /$cImprenta Nacional de Colombia.
=260  \\$aSantafé de Bogotá, D.C.:$bImprenta Nacional de Colombia
=300  \\$av. ;.$c37 cm.
=336  \\$atext$2rdacontent
=337  \\$aunmediated$2rdamedia
=338  \\$avolume$2rdacarrier
=580  \\$aComes with: Apendice del diario unico de contraction publica.
=540  \\$aBritish Library not licensed to copy$c0$5Uk
=710  2\$aImprenta Nacional de Colombia.
=852  71$aBritish Library$bSTI$hForeign patents section$2blsrissc$31946-1947; Library retains trade mark extracts only
=852  41$aBritish Library$bHMNTS$jOGC.220$31864-2006 ; (many issues missing)
=945  \\$aDiario oficial -Colombia-.
=979  \\$aBritish Library$bDSC$j3580.214600N
=985  \\$aDQ DO NOT MERGE - LARGE SERIAL RECORD
=A02  \\$a2360707
=CAT  \\$aCONV$b00$c20040425$lBLL90$h0702
=CAT  \\$aCONV$b00$c20040502$lBLL01$h1211
=CAT  \\$c20041008$lBLL01$h2305
=CAT  \\$a10926$b40$c20050427$lBLL01$h1126
=CAT  \\$a8456$b40$c20060920$lBLL01$h1427
=CAT  \\$a8456$b40$c20060920$lBLL01$h1508
=CAT  \\$a8456$b40$c20060920$lBLL01$h1602
=CAT  \\$a8456$b40$c20060920$lBLL01$h1615
=CAT  \\$a10932$b40$c20070816$lBLL01$h1115
=CAT  \\$a10932$b40$c20070816$lBLL01$h1140
=CAT  \\$a10932$b40$c20070912$lBLL01$h1746
=CAT  \\$aBATCH$b00$c20091207$lBLL01$h0407
=CAT  \\$aBATCH$b00$c20091214$lBLL01$h0210
=CAT  \\$aBATCH$b00$c20091216$lBLL01$h0036
=CAT  \\$aBATCH-UPD$b00$c20101201$lBLL01$h1208
=CAT  \\$aIPL-CLA$c20101231$lBLL01$h1145
=CAT  \\$aBATCH-UPD$b00$c20110907$lBLL01$h1751
=CAT  \\$aIPL-CLA$c20110908$lBLL01$h1704
=CAT  \\$aBATCH-UPD$b00$c20121030$lBLL01$h1027
=CAT  \\$aBATCH-CLA$b00$c20121103$lBLL01$h1031
=CAT  \\$aWR13.005$c20130323$lBLL01$h1243
=CFI  0\$aBritish Library not licensed to copy$c0$e07-sep-2011$hC$iTX$5Uk
=CFI  2\$aPrevious copyright fee: GBP10.50$c0$e01-jan-2011$fGBP10.50$g0$hA$5Uk
=EXP  \\$aX
=STA  \\$aSUPPRESSED$bLarge Serial Record
=TCO  \\$aXXX$c008
=ACF  \\$aPrevious copyright fee: GBP5.00$c0$e01-jul-2002$fGBP5.00$g0$hC$5Uk
=ACF  \\$aCurrent copyright fee: GBP4.40$c0$e01-jul-1998$fGBP4.40$g0$hA$5Uk
=ACF  \\$aCurrent copyright fee: GBP4.20$c0$e01-apr-1997$fGBP4.20$g0$hA$5Uk
=LAS  \\$aWR13.005$b00$c20130323$lBLL01$h1243

