=LDR  01792 cm a22005057  4500
=001  004215781
=003  Uk
=005  20191017163700.0
=008  930308d19662012xx\|||\||||||||||\\\und\|
=FMT  \\$a  MU
=019  d\$aag10800001
=040  \\$aUk$cUk
=082  14$a780$215
=100  1\$aBerwald, Franz,$d1796-1868.
=245  10$aSämtliche Werke. Complete Works. Editionsleitung/Editorial Board Berwald-Kommittén.
=264  \1$aKassel :$bBärenreiter,$c1966-2012.
=300  \\$bfacsimiles ;$c(folio)
=336  \\$anotated music$2rdacontent
=337  \\$aunmediated$2rdamedia
=338  \\$avolume$2rdacarrier
=340  \\$mfolio$2rdabf
=490  0\$aPart of "Monumenta musicae svecicae"
=500  \\$aUMBRELLA RECORD
=852  41$aBritish Library$bMUSIC$jG.37.a./$3Vol.1.-
=852  \\$aBritish Library$bDSC$cMUSIC$xFor accurate British Library holdings see monograph title
=985  \\$aDSC umbrella record
=985  \\$aCorrected by MS generated file for WR# 1805-0738
=CAT  \\$aCONV$b00$c20040502$lBLL01$h1025
=CAT  \\$a8870$b40$c20060510$lBLL01$h1424
=CAT  \\$a7988$b40$c20071119$lBLL01$h1216
=CAT  \\$a4587$b40$c20080116$lBLL01$h1716
=CAT  \\$a12418$b40$c20110301$lBLL01$h1527
=CAT  \\$a12418$b40$c20110301$lBLL01$h1537
=CAT  \\$aWR12-140$c20121101$lBLL01$h1843
=CAT  \\$aWR15_100$c20150813$lBLL01$h2143
=CAT  \\$a1805-0738$c20181207$lBLL01$h1754
=CAT  \\$a1805-0738$b00$c20181207$lBLL01$h1835
=CAT  \\$a8870$b40$c20191016$lBLL01$h1650
=CAT  \\$a8870$b40$c20191017$lBLL01$h1419
=CAT  \\$a8411$b40$c20191017$lBLL01$h1637
=FIN  \\$aY
=LEO  \\$aMP15.0000053649
=SRC  \\$aCPM01$bbibmp15.200404.2.aa
=STA  \\$aSUPPRESSED$bAcquisitions Use Only
=LAS  \\$a8411$b40$c20191017$lBLL01$h1637

