=LDR  01488ccm a22003977a 4500
=001  004434493
=003  Uk
=005  20090625135020.0
=008  930322s1978\\\\cs\|||\||||||||||\\\und\|
=FMT  \\$a  MU
=040  \\$aUk$cUk
=082  14$a780$215
=100  1\$aJanáček, Leoš,$d1854-1928.
=240  10$aCollections
=245  10$aSouborné kritické vydání děl Leoše Janáčka
=246  31$aKritische Gesamtausgabe der Werke von Leoš Janáček
=246  31$aComplete critical edition of the works of Leos Janacek.
=260  \\$aPraha :$bSupraphon ;$aKassel, etc :$bBärenreiter,$c1978, etc.
=336  \\$anotated music$2rdacontent
=337  \\$aunmediated$2rdamedia
=338  \\$avolume$2rdacarrier
=500  \\$aUmbrella record
=852  \\$aBritish Library$bDSC$cMUSIC$xFor accurate British Library holdings see monograph title
=852  41$aBritish Library$bMUSIC$jG.1087.v./$3Vol. 1-
=CAT  \\$aCONV$b00$c20040502$lBLL01$h1030
=CAT  \\$a8870$b40$c20060511$lBLL01$h0840
=CAT  \\$a5194$b40$c20070720$lBLL01$h0813
=CAT  \\$a11696$b40$c20090615$lBLL01$h1128
=CAT  \\$a7988$b40$c20090616$lBLL01$h0919
=CAT  \\$a8870$b40$c20090625$lBLL01$h1350
=CAT  \\$aBATCH$b00$c20091205$lBLL01$h1901
=CAT  \\$aBATCH-UPD$b00$c20121031$lBLL01$h1313
=CAT  \\$aWR12-140$c20121101$lBLL01$h1843
=CAT  \\$aWR15_100$c20150822$lBLL01$h0204
=STA  \\$aSUPPRESSED$bAcquisitions Use Only
=LAS  \\$aWR15_100$b00$c20150822$lBLL01$h0204

