=LDR  01880 as a22005057  4500
=001  013786323
=003  Uk
=005  20130129111457.0
=007  ta
=008  040416d20062007enkur\p\\\\\\f0\\\a0eng\\
=040  \\$aUk$beng$cUk$dUk
=110  1\$aGreat Britain.
=240  10$aLaws, etc. (Statutory instruments)
=245  10$aStatutory instruments. 2006-2007 [LSR].
=260  \\$aLondon :$bH.M.S.O.
=300  \\$av. ;$c24-31 cm.
=336  \\$atext$2rdacontent
=337  \\$aunmediated$2rdamedia
=338  \\$avolume$2rdacarrier
=500  \\$aIncludes Welsh publications.
=595  \\$aSEE OFFICIAL PUBLICATIONS.
=650  \0$aDelegated legislation$zGreat Britain$vPeriodicals.
=650  \0$aLaw$zGreat Britain$vPeriodicals.
=852  49$aBritish Library$bDSC$j8458.570000
=852  41$aBritish Library$bHMNTS$jOPL.BS.24.b/1*$32006-2007
=852  41$aBritish Library$bSTI$k(P)$hBA 25$m-E(1)$31948-1998
=945  \\$aSTATUTORY INSTRUMENTS -LONDON-.
=963  \\$a1890- *A=1$bY$cOP.3.06
=985  \\$aDQ DO NOT MERGE - LARGE SERIAL RECORD
=ACF  \\$aCurrent copyright fee: GBP4.20$c0$e01-apr-1997$fGBP4.20$g0$hA$5Uk
=CAT  \\$a10932$b40$c20070706$lBLL01$h0835
=CAT  \\$a10932$b40$c20070706$lBLL01$h0836
=CAT  \\$a10932$b40$c20080128$lBLL01$h1150
=CAT  \\$a10932$b40$c20120607$lBLL01$h0928
=CAT  \\$aBATCH-UPD$b40$c20121030$lBLL01$h1027
=CAT  \\$aBATCH-CLA$b00$c20121109$lBLL01$h1724
=CAT  \\$a10932$b40$c20130129$lBLL01$h1114
=CAT  \\$aWR13.005$c20130323$lBLL01$h1518
=CFI  2\$aCurrent copyright fee: GBP4.40$c0$e01-jul-1998$fGBP4.40$g0$hA$5Uk
=EXP  \\$aX
=FMT  \\$a  SE
=LAS  \\$aWR13.005$b00$c20130323$lBLL01$h1518
=LKR  \\$aPAR$b007194428$lBLL01$mStatutory instruments. 2006-. [LSR].$nStatutory instruments. 1890-2005. [LSR].
=STA  \\$aSUPPRESSED$bLarge Serial Record
=TCO  \\$aCLA$bCLA$c008

