=LDR  06598cas a22012857a 4500
=001  013798882
=003  Uk
=005  20220630171242.0
=007  ta
=008  870324c20079999xxumr\p\\\\\\\0\\\a0eng\\
=FMT  \\$a  SE
=022  0\$a0002-9998
=040  \\$aUk$cUk$dUk
=082  04$a338.476690973$221
=084  \\$aN 13$2blsrissc
=130  0\$aAmerican metal market (New York, N.Y. : 1926)
=245  00$aAmerican metal market. Issue 1 (2007)- [LSR].
=246  30$aAmerican metal market.$pMetalworking news edition
=246  30$aAMM
=260  \\$aNew York :$b[s.n.]
=300  \\$av. :$bill. ;$c30 cm.
=310  \\$aMonthly,$b2007-
=336  \\$atext$2rdacontent
=337  \\$aunmediated$2rdamedia
=338  \\$avolume$2rdacarrier
=362  0\$aVol. 33, no. 1 (Jan. 2, 1926)-v. 115 (2007) ; Issue 1 (July 2007)-
=595  \\$ac/t notified to # 18833838 (jna 12/4/18)SEE ALSO CARD INDEX. |
=540  \\$aBritish Library not licensed to copy$c0$5Uk
=650  \0$aMetal trade$zUnited States$vPeriodicals.
=650  \0$aIron industry and trade$zUnited States$vPeriodicals.
=650  \0$aSteel industry and trade$zUnited States$vPeriodicals.
=852  49$aBritish Library$bDSC$j0842.600000$3Issue 1 (2007)-
=852  71$aBritish Library$bSTI$k(P)$hN 13$m-E(10)$2blsrissc$3Issue 1 (2007:July)- (Dec.2017)
=852  71$aBritish Library$bSTI$cRES$k(OP)$hN 13$m-E(10)$2blsrissc$3Earlier issues
=945  \\$aAMERICAN METAL MARKET.
=959  \\$fHeld but not currently received
=968  \\$bX
=985  \\$aDQ DO NOT MERGE - LARGE SERIAL RECORD
=CAT  \\$a10932$b40$c20070723$lBLL01$h1555
=CAT  \\$aBATCH-CLA$b00$c20120229$lBLL01$h1634
=CAT  \\$aIPL-CLA$c20120330$lBLL01$h1438
=CAT  \\$aBATCH-CLA$b00$c20120531$lBLL01$h1722
=CAT  \\$aIPL-CLA$c20120629$lBLL01$h1037
=CAT  \\$aBATCH-CLA$b00$c20120831$lBLL01$h1549
=CAT  \\$aIPL-CLA$c20120930$lBLL01$h2128
=CAT  \\$aBATCH-UPD$b00$c20121030$lBLL01$h1027
=CAT  \\$aBATCH-CLA$b00$c20121109$lBLL01$h1724
=CAT  \\$aBATCH-CLA$b00$c20130228$lBLL01$h1712
=CAT  \\$aWR13.005$c20130323$lBLL01$h1520
=CAT  \\$aIPL-CLA$c20130331$lBLL01$h1056
=CAT  \\$a540_fix$c20130403$lBLL01$h2016
=CAT  \\$aBATCH-CLA$b00$c20150227$lBLL01$h1631
=CAT  \\$aIPL-CLA$c20150331$lBLL01$h1650
=CAT  \\$aBATCH-CLA$b00$c20161130$lBLL01$h1647
=CAT  \\$aIPL-CLA$c20161230$lBLL01$h2219
=CAT  \\$aBATCH-CLA$b00$c20171130$lBLL01$h1714
=CAT  \\$aIPL-CLA$c20171231$lBLL01$h1708
=CAT  \\$a3512$b40$c20180412$lBLL01$h0842
=CAT  \\$aBATCH-CLA$b00$c20191129$lBLL01$h1630
=CAT  \\$aIPL-CLA$c20191231$lBLL01$h1946
=CAT  \\$aBATCH-CLA$b00$c20201126$lBLL01$h1419
=CAT  \\$aIPL-CLA$c20201231$lBLL01$h2222
=CAT  \\$aBATCH-CLA$b00$c20220601$lBLL01$h1545
=CAT  \\$aIPL-CLA$c20220630$lBLL01$h1712
=CFI  0\$aBritish Library not licensed to copy$c0$e01-jul-2022$hC$iCFP Excluded$5Uk
=CFI  2\$aPrevious Copyright Fee: GBP22.50$c0$e01-jan-2021$fGBP22.50$g0$hC$5Uk
=EXP  \\$aX
=LKR  \\$aPAR$b008205860$lBLL01$mAmerican metal market. Issue 1 (July 2007)-. [LSR].$nAmerican metal market. 1926-Vol. 15 (June 2007). [LSR].
=STA  \\$aSUPPRESSED$bLarge Serial Record
=TCO  \\$aTRS$bCCC$c008
=ACF  \\$aPrevious Copyright Fee: GBP10.00$c0$e01-apr-2012$fGBP10.00$g0$hC$5Uk
=ACF  \\$aPrevious Copyright Fee: GBP10.00$c0$e01-jan-2012$fGBP10.00$g0$hC$5Uk
=ACF  \\$aPrevious Copyright Fee: GBP10.00$c0$e01-oct-2011$fGBP10.00$g0$hC$5Uk
=ACF  \\$aPrevious Copyright Fee: GBP10.00$c0$e01-jul-2011$fGBP10.00$g0$hC$5Uk
=ACF  \\$aPrevious Copyright Fee: GBP10.00$c0$e01-apr-2011$fGBP10.00$g0$hC$5Uk
=ACF  \\$aPrevious Copyright Fee: GBP10.00$c0$e01-jan-2011$fGBP10.00$g0$hC$5Uk
=ACF  \\$aPrevious Copyright Fee: GBP10.00$c0$e01-oct-2010$fGBP10.00$g0$hC$5Uk
=ACF  \\$aPrevious Copyright Fee: GBP10.00$c0$e01-jul-2010$fGBP10.00$g0$hC$5Uk
=ACF  \\$aPrevious Copyright Fee: GBP10.00$c0$e01-apr-2010$fGBP10.00$g0$hC$5Uk
=ACF  \\$aPrevious Copyright Fee: GBP10.00$c0$e01-Jan-2010$fGBP10.00$g0$hC$5Uk
=ACF  \\$aPrevious Copyright Fee: GBP10.00$c0$e01-oct-2009$fGBP10.00$g0$hC$5Uk
=ACF  \\$aPrevious Copyright Fee: GBP10.00$c0$e01-jul-2009$fGBP10.00$g0$hC$5Uk
=ACF  \\$aPrevious Copyright Fee: GBP10.00$c0$e01-apr-2009$fGBP10.00$g0$hC$5Uk
=ACF  \\$aPrevious Copyright Fee: GBP10.00$c0$e01-jan-2009$fGBP10.00$g0$hC$5Uk
=ACF  \\$aPrevious Copyright Fee: GBP10.00$c0$e01-oct-2008$fGBP10.00$g0$hC$5Uk
=ACF  \\$aPrevious Copyright Fee: GBP10.00$c0$e01-jul-2008$fGBP10.00$g0$hC$5Uk
=ACF  \\$aPrevious Copyright Fee: GBP9.00$c0$e01-apr-2008$fGBP9.00$g0$hC$5Uk
=ACF  \\$aPrevious Copyright Fee: GBP9.00$c0$e01-jan-2008$fGBP9.00$g0$hC$5Uk
=ACF  \\$aPrevious Copyright Fee: GBP9.00$c0$e01-oct-2007$fGBP9.00$g0$hC$5Uk
=ACF  \\$aPrevious Copyright Fee: GBP9.00$c0$e01-jul-2007$fGBP9.00$g0$hC$5Uk
=ACF  \\$aPrevious Copyright Fee: GBP9.23$c0$e01-apr-2007$fGBP9.23$g0$hC$5Uk
=ACF  \\$aPrevious Copyright Fee: GBP5.41$c0$e01-jan-2007$fGBP5.41$g0$hC$5Uk
=ACF  \\$aPrevious Copyright Fee: GBP5.41$c0$e01-oct-2006$fGBP5.41$g0$hC$5Uk
=ACF  \\$aPrevious Copyright Fee: GBP5.71$c0$e01-jul-2006$fGBP5.71$g0$hC$5Uk
=ACF  \\$aPrevious Copyright Fee: GBP5.71$c0$e01-apr-2006$fGBP5.71$g0$hC$5Uk
=ACF  \\$aPrevious Copyright Fee: GBP5.56$c0$e01-jan-2006$fGBP5.56$g0$hC$5Uk
=ACF  \\$aPrevious Copyright Fee: GBP5.41$c0$e01-oct-2005$fGBP5.41$g0$hC$5Uk
=ACF  \\$aPrevious Copyright Fee: GBP5.56$c0$e01-jan-2005$fGBP5.56$g0$hC$5Uk
=ACF  \\$aPrevious Copyright Fee: GBP5.41$c0$e01-oct-2004$fGBP5.41$g0$hC$5Uk
=ACF  \\$aPrevious copyright fee: GBP5.41$c0$e01-apr-2004$fGBP5.41$g0$hC$5Uk
=ACF  \\$aCurrent copyright fee: GBP5.88$c0$e01-jan-2004$fGBP5.88$g0$hC$5Uk
=ACF  \\$aCurrent copyright fee: GBP6.25$c0$e01-jan-2003$fGBP6.25$g0$hC$5Uk
=ACF  \\$aPrevious Copyright Fee: GBP10.00$c0$e01-jul-2012$fGBP10.00$g0$hC$5Uk
=ACF  \\$aPrevious Copyright Fee: GBP10.00$c0$e01-oct-2012$fGBP10.00$g0$hC$5Uk
=ACF  \\$aPrevious Copyright Fee: GBP12.00$c0$e01-apr-2013$fGBP12.00$g0$hC$5Uk
=ACF  \\$aPrevious Copyright Fee: GBP12.30$c0$e01-apr-2015$fGBP12.30$g0$hC$5Uk
=ACF  \\$aPrevious Copyright Fee: GBP15.00$c0$e01-jan-2017$fGBP15.00$g0$hC$5Uk
=ACF  \\$aPrevious Copyright Fee: GBP17.50$c0$e01-jan-2018$fGBP17.50$g0$hC$5Uk
=ACF  \\$aPrevious Copyright Fee: GBP20.00$c0$e01-jan-2020$fGBP20.00$g0$hC$5Uk
=LAS  \\$aIPL-CLA$b00$c20220630$lBLL01$h1712

