=LDR  00902ccm a22002773a 4500
=001  015365364
=003  Uk
=005  20090908104557.0
=008  090908m20072014\\\\\\\\\\\\\\\\\\|\eng\\
=FMT  \\$a  MU
=040  \\$aUk$beng$cUk
=082  14$a780$215
=100  1\$aRossini, Gioacchino,$d1792-1868.
=245  10$aWorks of Gioachino Rossini
=260  \\$aKassel$bBärenreiter
=336  \\$anotated music$2rdacontent
=337  \\$aunmediated$2rdamedia
=338  \\$avolume$2rdacarrier
=500  \\$aUmbrella record
=852  41$aBritish Library$bMUSIC$jH.385.nn./$3Vol.1.
=852  \\$aBritish Library$bDSC$cMUSIC$xFor accurate British Library holdings see monograph title
=CAT  \\$a8870$b40$c20090908$lBLL01$h1045
=CAT  \\$aWR12-140$c20121101$lBLL01$h1843
=CAT  \\$aWR15_100$c20150811$lBLL01$h0322
=STA  \\$aSUPPRESSED$bAcquisitions Use Only
=LAS  \\$aWR15_100$b00$c20150811$lBLL01$h0322

