=LDR  02302 as a22005657  4500
=001  013820006
=003  Uk
=005  20200316124201.0
=007  ta
=008  040409d20072019vp\au\p\\\\\\\0\\\b0spa\\
=022  0\$a0122-2112
=040  \\$aUk$cUk$dUk
=082  0\$a328.2
=084  \\$aBM 50(CO4)$2blsrissc
=110  1\$aColombia.
=245  10$aDiario oficial. 2007-2019 [LSR] /$cImprenta Nacional de Colombia.
=260  \\$aSantafé de Bogotá, D.C.:$bImprenta Nacional de Colombia
=300  \\$av. ;.$c37 cm.
=336  \\$atext$2rdacontent
=337  \\$aunmediated$2rdamedia
=338  \\$avolume$2rdacarrier
=540  \\$aBritish Library not licensed to copy$c0$5Uk
=580  \\$aComes with: Apendice del diario unico de contraction publica.
=710  2\$aImprenta Nacional de Colombia.
=852  41$aBritish Library$bHMNTS$jOGC.220$3(2007)-No. 51183 (2019)
=852  71$aBritish Library$bSTI$hForeign patents section$2blsrissc$31946-1947***Library retains trade mark extracts only
=945  \\$aDiario oficial -Colombia-.
=979  \\$aBritish Library$bDSC$j3580.214600N
=985  \\$aDQ DO NOT MERGE - LARGE SERIAL RECORD
=ACF  \\$aPrevious copyright fee: GBP5.00$c0$e01-jul-2002$fGBP5.00$g0$hC$5Uk
=ACF  \\$aCurrent copyright fee: GBP4.40$c0$e01-jul-1998$fGBP4.40$g0$hA$5Uk
=ACF  \\$aCurrent copyright fee: GBP4.20$c0$e01-apr-1997$fGBP4.20$g0$hA$5Uk
=CAT  \\$a10932$b40$c20070816$lBLL01$h1143
=CAT  \\$a10932$b40$c20070816$lBLL01$h1147
=CAT  \\$aBATCH-UPD$b40$c20101201$lBLL01$h1250
=CAT  \\$aIPL-CLA$c20101231$lBLL01$h1522
=CAT  \\$aBATCH-UPD$b00$c20110907$lBLL01$h1830
=CAT  \\$aIPL-CLA$c20110908$lBLL01$h1744
=CAT  \\$aBATCH-UPD$b00$c20121030$lBLL01$h1027
=CAT  \\$aBATCH-CLA$b00$c20121109$lBLL01$h1724
=CAT  \\$aWR13.005$c20130323$lBLL01$h1528
=CAT  \\$a10932$b40$c20200316$lBLL01$h1242
=CFI  0\$aBritish Library not licensed to copy$c0$e07-sep-2011$hC$iTX$5Uk
=CFI  2\$aPrevious copyright fee: GBP10.50$c0$e01-jan-2011$fGBP10.50$g0$hA$5Uk
=EXP  \\$aX
=FMT  \\$a  SE
=LAS  \\$a10932$b40$c20200316$lBLL01$h1242
=LKR  \\$aPAR$b007168140$lBLL01$mDiario oficial. 2007-2019 [LSR]$nDiario oficial. 1864-2006. [LSR]
=STA  \\$aSUPPRESSED$bLarge Serial Record
=TCO  \\$aXXX$c008

