=LDR  05423cas a22011417  4500
=001  014478955
=003  Uk
=005  20230210010643.0
=007  ta
=008  770419c20089999enkwr\p\\\b\\\0\\\a0eng\\
=FMT  \\$a  SE
=022  0\$a0006-7539
=040  \\$aUk$cUk$dUk
=082  04$a381.450020941$222
=245  04$aThe bookseller. 2008-. [LSR].
=260  \\$aLondon :$b[s.n.]
=300  \\$av. :$bill. ;$c24-50 cm.
=310  \\$aWeekly
=336  \\$atext$2rdacontent
=337  \\$aunmediated$2rdamedia
=338  \\$avolume$2rdacarrier
=595  \\$aSEE ALSO CARD INDEX.
=540  \\$aCurrent Copyright Fee: GBP25.00$c0$5Uk
=650  \0$aEnglish literature$vBibliography$vPeriodicals.
=650  \0$aBooksellers and bookselling$zGreat Britain$vPeriodicals.
=886  2\$2blmarc$a967$b00$gx
=852  49$aBritish Library$bDSC$j2250.220000$32008-no. 5685 (2015)***UKRR Retained Title
=852  41$aBritish Library$bOC$jST 1789$3Current year only
=852  41$aBritish Library$bSTI$hSelectors$32008-2009
=945  \\$aBOOKSELLER.
=959  \\$fHeld but not currently received
=963  \\$a1858-1927 ; 1934-$bY$cL894:1.A.1
=985  \\$aCONFERENCE ANALYTIC RECORDS EXIST
=985  \\$aDQ DO NOT MERGE - LARGE SERIAL RECORD
=CAT  \\$a10932$b40$c20071221$lBLL01$h1140
=CAT  \\$aBATCH-CLA$b00$c20111130$lBLL01$h1222
=CAT  \\$aIPL-CLA$c20111230$lBLL01$h2029
=CAT  \\$aBATCH-CLA$b00$c20120229$lBLL01$h1641
=CAT  \\$aIPL-CLA$c20120330$lBLL01$h1439
=CAT  \\$aBATCH-CLA$b00$c20120531$lBLL01$h1721
=CAT  \\$aIPL-CLA$c20120629$lBLL01$h1038
=CAT  \\$aBATCH-CLA$b00$c20120831$lBLL01$h1551
=CAT  \\$a10997$b40$c20120927$lBLL01$h1245
=CAT  \\$aIPL-CLA$c20120930$lBLL01$h2129
=CAT  \\$aBATCH-UPD$b00$c20121030$lBLL01$h1027
=CAT  \\$aBATCH-CLA$b00$c20121109$lBLL01$h1723
=CAT  \\$aWR13.005$c20130323$lBLL01$h1315
=CAT  \\$aCDS15-UPD$b40$c20140630$lBLL01$h1054
=CAT  \\$aBATCH-CLA$b00$c20150227$lBLL01$h1631
=CAT  \\$aIPL-CLA$c20150331$lBLL01$h1655
=CAT  \\$aBATCH-CLA$b00$c20161130$lBLL01$h1648
=CAT  \\$aIPL-CLA$c20161230$lBLL01$h2258
=CAT  \\$aBATCH-CLA$b00$c20171130$lBLL01$h1714
=CAT  \\$aIPL-CLA$c20171231$lBLL01$h1730
=CAT  \\$aBATCH-CLA$b00$c20191129$lBLL01$h1629
=CAT  \\$aIPL-CLA$c20191231$lBLL01$h2001
=CAT  \\$aBATCH-CLA$b00$c20201126$lBLL01$h1419
=CAT  \\$aIPL-CLA$c20201231$lBLL01$h2250
=CAT  \\$aBATCH-CLA$b00$c20221130$lBLL01$h1457
=CAT  \\$aIPL-CLA$c20221231$lBLL01$h2210
=CAT  \\$aBATCH-CLA$b00$c20230209$lBLL01$h1544
=CAT  \\$aIPL-CLA$c20230210$lBLL01$h0106
=CFI  0\$aCurrent Copyright Fee: GBP25.00$c0$e09-feb-2023$fGBP25.00$g0$hC$5Uk
=CFI  2\$aBritish Library not licensed to copy$c0$e01-jan-2023$hC$iCFP Excluded$5Uk
=EXP  \\$aX
=LKR  \\$aPAR$b008631635$lBLL01$mThe bookseller. 2008-. [LSR].$nThe bookseller. 1933-2007. [LSR].
=STA  \\$aSUPPRESSED$bLarge Serial Record
=TCO  \\$aCLA$bCLA$c008
=TOC  \\$aETOC
=ACF  \\$aPrevious Copyright Fee: GBP12.00$c0$e01-apr-2012$fGBP12.00$g0$hC$5Uk
=ACF  \\$aPrevious Copyright Fee: GBP12.00$c0$e01-jan-2012$fGBP12.00$g0$hC$5Uk
=ACF  \\$aPrevious Copyright Fee: GBP10.50$c0$e01-oct-2011$fGBP10.50$g0$hC$5Uk
=ACF  \\$aPrevious Copyright Fee: GBP10.50$c0$e01-jul-2011$fGBP10.50$g0$hC$5Uk
=ACF  \\$aPrevious Copyright Fee: GBP10.50$c0$e01-apr-2011$fGBP10.50$g0$hC$5Uk
=ACF  \\$aPrevious Copyright Fee: GBP10.50$c0$e01-jan-2011$fGBP10.50$g0$hC$5Uk
=ACF  \\$aPrevious Copyright Fee: GBP9.00$c0$e01-oct-2010$fGBP9.00$g0$hC$5Uk
=ACF  \\$aPrevious Copyright Fee: GBP9.00$c0$e01-jul-2010$fGBP9.00$g0$hC$5Uk
=ACF  \\$aPrevious Copyright Fee: GBP9.00$c0$e01-Jan-2010$fGBP9.00$g0$hC$5Uk
=ACF  \\$aPrevious Copyright Fee: GBP6.00$c0$e01-oct-2009$fGBP6.00$g0$hC$5Uk
=ACF  \\$aPrevious Copyright Fee: GBP6.00$c0$e01-jul-2009$fGBP6.00$g0$hC$5Uk
=ACF  \\$aPrevious Copyright Fee: GBP6.00$c0$e01-apr-2009$fGBP6.00$g0$hC$5Uk
=ACF  \\$aPrevious Copyright Fee: GBP6.00$c0$e01-jan-2009$fGBP6.00$g0$hC$5Uk
=ACF  \\$aPrevious Copyright Fee: GBP6.00$c0$e01-oct-2008$fGBP6.00$g0$hC$5Uk
=ACF  \\$aPrevious Copyright Fee: GBP6.00$c0$e01-jul-2008$fGBP6.00$g0$hC$5Uk
=ACF  \\$aPrevious Copyright Fee: GBP6.00$c0$e01-apr-2008$fGBP6.00$g0$hC$5Uk
=ACF  \\$aPrevious Copyright Fee: GBP6.00$c0$e01-jan-2008$fGBP6.00$g0$hC$5Uk
=ACF  \\$aPrevious Copyright Fee: GBP5.00$c0$e01-oct-2007$fGBP5.00$g0$hC$5Uk
=ACF  \\$aPrevious copyright fee: GBP5.00$c0$e01-jul-2002$fGBP5.00$g0$hC$5Uk
=ACF  \\$aCurrent copyright fee: GBP1.41$c0$e01-jul-2001$fGBP1.41$g0$hC$5Uk
=ACF  \\$aCurrent copyright fee: GBP1.34$c0$e01-jul-2000$fGBP1.34$g0$hC$5Uk
=ACF  \\$aPrevious Copyright Fee: GBP12.00$c0$e01-jul-2012$fGBP12.00$g0$hC$5Uk
=ACF  \\$aPrevious Copyright Fee: GBP12.00$c0$e01-oct-2012$fGBP12.00$g0$hC$5Uk
=ACF  \\$aPrevious Copyright Fee: GBP12.30$c0$e01-apr-2015$fGBP12.30$g0$hC$5Uk
=ACF  \\$aPrevious Copyright Fee: GBP15.00$c0$e01-jan-2017$fGBP15.00$g0$hC$5Uk
=ACF  \\$aPrevious Copyright Fee: GBP17.50$c0$e01-jan-2018$fGBP17.50$g0$hC$5Uk
=ACF  \\$aPrevious Copyright Fee: GBP20.00$c0$e01-jan-2020$fGBP20.00$g0$hC$5Uk
=ACF  \\$aPrevious Copyright Fee: GBP22.50$c0$e01-jan-2021$fGBP22.50$g0$hC$5Uk
=LAS  \\$aIPL-CLA$b00$c20230210$lBLL01$h0106

