=LDR  01887 as a22005057  4500
=001  014503813
=003  Uk
=005  20130129111444.0
=007  ta
=008  040416d20082010enkur\p\\\\\\f0\\\a0eng\\
=FMT  \\$a  SE
=040  \\$aUk$beng$cUk$dUk
=110  1\$aGreat Britain.
=240  10$aLaws, etc. (Statutory instruments)
=245  10$aStatutory instruments. 2008-2010 [LSR].
=260  \\$aLondon :$bH.M.S.O.
=300  \\$av. ;$c24-31 cm.
=336  \\$atext$2rdacontent
=337  \\$aunmediated$2rdamedia
=338  \\$avolume$2rdacarrier
=500  \\$aIncludes Welsh publications.
=595  \\$aSEE OFFICIAL PUBLICATIONS.
=650  \0$aDelegated legislation$zGreat Britain$vPeriodicals.
=650  \0$aLaw$zGreat Britain$vPeriodicals.
=852  41$aBritish Library$bHMNTS$jOPL.BS.24.b/1*$32008-2010.
=852  41$aBritish Library$bSTI$k(P)$hBA 25$m-E(1)$31948-1998
=852  49$aBritish Library$bDSC$j8458.570000
=945  \\$aSTATUTORY INSTRUMENTS -LONDON-.
=963  \\$a1890- *A=1$bY$cOP.3.06
=985  \\$aDQ DO NOT MERGE - LARGE SERIAL RECORD
=CAT  \\$a10932$b40$c20080128$lBLL01$h1151
=CAT  \\$a10932$b40$c20080128$lBLL01$h1155
=CAT  \\$a10932$b40$c20110120$lBLL01$h1356
=CAT  \\$a10932$b40$c20110120$lBLL01$h1358
=CAT  \\$aBATCH-UPD$b40$c20121030$lBLL01$h1026
=CAT  \\$aBATCH-CLA$b00$c20121109$lBLL01$h1723
=CAT  \\$a10932$b40$c20130129$lBLL01$h1114
=CAT  \\$aWR13.005$c20130323$lBLL01$h1317
=CFI  2\$aCurrent copyright fee: GBP4.40$c0$e01-jul-1998$fGBP4.40$g0$hA$5Uk
=EXP  \\$aX
=LKR  \\$aPAR$b013786323$lBLL01$mStatutory instruments. 2008-2010 [LSR].$nStatutory instruments. (2006)-(2007) [LSR].
=STA  \\$aSUPPRESSED$bLarge Serial Record
=TCO  \\$aCLA$bCLA$c008
=ACF  \\$aCurrent copyright fee: GBP4.20$c0$e01-apr-1997$fGBP4.20$g0$hA$5Uk
=LAS  \\$aWR13.005$b00$c20130323$lBLL01$h1317

