=LDR  04305 as a22008897  4500
=001  014873426
=003  Uk
=005  20150724132915.0
=007  ta
=008  030319d20092013lu\uu\p\\\\\\o0\\\a0eng\\
=FMT  \\$a  SE
=022  0\$a1725-2555
=040  \\$aUk$cUk$dUk
=082  04$a341.2422$222
=245  00$aOfficial journal of the European Union. Volume 52(2009)-. [LSR].$pLegislation.
=250  \\$aEnglish ed.
=260  \\$aLuxembourg :$bOffice for Official Publications of the European Communities,
=300  \\$av. ;$c30 cm.
=336  \\$atext$2rdacontent
=337  \\$aunmediated$2rdamedia
=338  \\$avolume$2rdacarrier
=595  \\$aFormerly 6239.830000 up to Vol. 46, No. 6 (2003).
=580  \\$aIndex available which also covers: Official journal of the European Union. Information and notices; and: Supplement to the Official journal of the European Union.
=540  \\$aBritish Library not licensed to copy$c0$5Uk
=650  \0$aLaw$zEuropean Union countries$vPeriodicals.
=610  20$aEuropean Union$vPeriodicals.
=852  71$aBritish Library$bSTI$k(P)$hAP 60 (E)$m-E(4)$2blsrissc$3Volume 52 (2009)-v. 56, no. 182 (2013)***Online only after June 2013 base on supplier's information.
=852  49$aBritish Library$bDSC$j6239.837350$3Vol. 52 (2009)-v. 56, no. 182 (2013)***UKRR Retained Title
=945  \\$aOfficial journal- European Union Legislation L
=959  \\$fHeld but not currently received
=985  \\$aCorrected by MS generated file for WR# 12.018
=985  \\$aDQ DO NOT MERGE - LARGE SERIAL RECORD
=CAT  \\$a10932$b40$c20090108$lBLL01$h1050
=CAT  \\$aIPL-CLA$c20110930$lBLL01$h1553
=CAT  \\$aBATCH-CLA$b00$c20111130$lBLL01$h1214
=CAT  \\$aIPL-CLA$c20111230$lBLL01$h2032
=CAT  \\$aBATCH-CLA$b00$c20120229$lBLL01$h1628
=CAT  \\$aIPL-CLA$c20120330$lBLL01$h1440
=CAT  \\$aBATCH-UPD$b00$c20120422$lBLL01$h2154
=CAT  \\$aBATCH-UPD$b00$c20120424$lBLL01$h1020
=CAT  \\$aBATCH-CLA$b00$c20120531$lBLL01$h1725
=CAT  \\$aIPL-CLA$c20120629$lBLL01$h1039
=CAT  \\$aBLSS-CORR$b00$c20120724$lBLL01$h1800
=CAT  \\$aBATCH-CLA$b00$c20120831$lBLL01$h1554
=CAT  \\$aIPL-CLA$c20120930$lBLL01$h2132
=CAT  \\$aBATCH-UPD$b00$c20121030$lBLL01$h1026
=CAT  \\$aBATCH-CLA$b00$c20121109$lBLL01$h1722
=CAT  \\$aWR12_128$c20121113$lBLL01$h1838
=CAT  \\$aBATCH-CLA$b00$c20121205$lBLL01$h1809
=CAT  \\$aIPL-CLA$c20121231$lBLL01$h1326
=CAT  \\$aIPL-CLA$c20130102$lBLL01$h1758
=CAT  \\$aBATCH-CLA$b00$c20130228$lBLL01$h1713
=CAT  \\$aIPL-CLA$c20130331$lBLL01$h1057
=CAT  \\$a540_fix$c20130403$lBLL01$h2016
=CAT  \\$aBATCH-CLA$b00$c20130630$lBLL01$h1616
=CAT  \\$aIPL-CLA$c20130701$lBLL01$h0126
=CAT  \\$a8335$b40$c20130725$lBLL01$h1019
=CAT  \\$a7778$b40$c20150724$lBLL01$h1329
=CFI  0\$aBritish Library not licensed to copy$c0$e01-jul-2013$hC$iCFP Excluded$5Uk
=CFI  2\$aBritish Library not licensed to copy$c0$e01-apr-2013$hC$iCFP Excluded$5Uk
=EXP  \\$aX
=LKR  \\$aPAR$b007181380$lBLL01$mOfficial journal of the European Union. Volume 52(2009)-. [LSR].$nOfficial journal of the European Union. Volume 46(2003)-v. 51(2008). [LSR].
=STA  \\$aSUPPRESSED$bLarge Serial Record
=TCO  \\$aXXX$c008
=TOC  \\$aETOC
=ACF  \\$aBritish Library not licensed to copy$c0$e01-apr-2012$hC$iCLA Excluded$5Uk
=ACF  \\$aBritish Library not licensed to copy$c0$e01-jan-2012$hC$iCLA Excluded$5Uk
=ACF  \\$aBritish Library not licensed to copy$c0$e01-oct-2011$hC$iCLA Excluded$5Uk
=ACF  \\$aPrevious copyright fee: GBP10.50$c0$e01-jan-2011$fGBP10.50$g0$hA$5Uk
=ACF  \\$aPrevious copyright fee: GBP9.00$c0$e01-apr-2010$fGBP9.00$g0$hA$5Uk
=ACF  \\$aPrevious copyright fee: GBP6.00$c0$e01-apr-2008$fGBP6.00$g0$hA$5Uk
=ACF  \\$aPrevious copyright fee: GBP5.00$c0$e19-nov-2007$fGBP5.00$g0$hA$5Uk
=ACF  \\$aPrevious copyright fee: zero$c0$e18-mar-2004$fGBP0.00$g0$hZ$5Uk
=ACF  \\$aBritish Library not licensed to copy$c0$e01-jul-2012$hC$iCLA Excluded$5Uk
=ACF  \\$aBritish Library not licensed to copy$c0$e01-oct-2012$hC$iCFP Excluded$5Uk
=ACF  \\$aBritish Library not licensed to copy$c0$e01-jan-2013$hC$iCFP Excluded$5Uk
=LAS  \\$a7778$b40$c20150724$lBLL01$h1329

