=LDR  04161aas a22008537  4500
=001  014897732
=003  Uk
=005  20190704113537.0
=008  030725d20092013lu\uu\p\\\\\\o0\\\a0eng\\
=FMT  \\$a  SE
=022  \\$a1725-2423
=040  \\$aUk$beng$cUk$dUk
=082  04$a341.242205$222
=245  00$aOfficial journal of the European Union. (2009)- [LSR].$pInformation and notices.
=246  30$aInformation and notices
=246  13$aOfficial journal of the European Union.$nC,$pInformation and notices
=260  \\$aLuxembourg :$bOffice for Official Publications of the European Communities
=300  \\$av. ;$c30 cm.
=336  \\$atext$2rdacontent
=337  \\$aunmediated$2rdamedia
=338  \\$avolume$2rdacarrier
=580  \\$aIndex available which also covers: Official journal of the European Union. Legislation; and: Supplement to the Official journal of the European Union.
=540  \\$aBritish Library not licensed to copy$c0$5Uk
=610  20$aEuropean Union$vPeriodicals.
=852  71$aBritish Library$bSTI$k(P)$hAP 60$m(E) -E(5)$2blsrissc$32009-Vol. 56, no. 190 (2013.Jun)***Online only base on supplier's information after June 2013.
=852  49$aBritish Library$bDSC$j6239.837300$3(2009)-v. 56, no. 190 (2013)***UKRR Retained Title
=945  \\$aOfficial journal- European Union Information and Notices C
=959  \\$fHeld but not currently received
=985  \\$aDQ DO NOT MERGE - LARGE SERIAL RECORD
=CAT  \\$a10932$b40$c20090206$lBLL01$h0852
=CAT  \\$aIPL-CLA$c20110930$lBLL01$h1553
=CAT  \\$aBATCH-CLA$b00$c20111130$lBLL01$h1214
=CAT  \\$aIPL-CLA$c20111230$lBLL01$h2032
=CAT  \\$aBATCH-CLA$b00$c20120229$lBLL01$h1629
=CAT  \\$aIPL-CLA$c20120330$lBLL01$h1440
=CAT  \\$aBATCH-UPD$b00$c20120423$lBLL01$h1205
=CAT  \\$aBATCH-UPD$b00$c20120424$lBLL01$h1024
=CAT  \\$aBATCH-CLA$b00$c20120531$lBLL01$h1726
=CAT  \\$aIPL-CLA$c20120629$lBLL01$h1040
=CAT  \\$aBATCH-CLA$b00$c20120831$lBLL01$h1554
=CAT  \\$aIPL-CLA$c20120930$lBLL01$h2132
=CAT  \\$aBATCH-CLA$b00$c20121109$lBLL01$h1722
=CAT  \\$aWR12_128$c20121113$lBLL01$h1838
=CAT  \\$aBATCH-CLA$b00$c20121130$lBLL01$h1247
=CAT  \\$aIPL-CLA$c20121231$lBLL01$h1326
=CAT  \\$aIPL-CLA$c20130102$lBLL01$h1758
=CAT  \\$aBATCH-CLA$b00$c20130228$lBLL01$h1714
=CAT  \\$aIPL-CLA$c20130331$lBLL01$h1057
=CAT  \\$a540_fix$c20130403$lBLL01$h2016
=CAT  \\$aBATCH-CLA$b00$c20130531$lBLL01$h1651
=CAT  \\$aIPL-CLA$c20130701$lBLL01$h0127
=CAT  \\$a8335$b40$c20130725$lBLL01$h1025
=CAT  \\$a7778$b40$c20150724$lBLL01$h1331
=CAT  \\$aW1711-1225$c20171203$lBLL01$h1032
=CAT  \\$a7764$b40$c20190704$lBLL01$h1135
=CFI  0\$aBritish Library not licensed to copy$c0$e01-jul-2013$hC$iCFP Excluded$5Uk
=CFI  2\$aBritish Library not licensed to copy$c0$e01-apr-2013$hC$iCFP Excluded$5Uk
=EXP  \\$aX
=LKR  \\$aPAR$b007181379$lBLL01$mOfficial journal of the European Union. (2009)- [LSR].$nOfficial journal of the European Union. (2003)-(2008). [LSR].
=STA  \\$aSUPPRESSED$bLarge Serial Record
=TCO  \\$aXXX$c008
=TOC  \\$aETOC
=ACF  \\$aBritish Library not licensed to copy$c0$e01-apr-2012$hC$iCLA Excluded$5Uk
=ACF  \\$aBritish Library not licensed to copy$c0$e01-jan-2012$hC$iCLA Excluded$5Uk
=ACF  \\$aBritish Library not licensed to copy$c0$e01-oct-2011$hC$iCLA Excluded$5Uk
=ACF  \\$aPrevious copyright fee: GBP10.50$c0$e01-jan-2011$fGBP10.50$g0$hA$5Uk
=ACF  \\$aPrevious copyright fee: GBP9.00$c0$e01-apr-2010$fGBP9.00$g0$hA$5Uk
=ACF  \\$aPrevious copyright fee: GBP6.00$c0$e01-apr-2008$fGBP6.00$g0$hA$5Uk
=ACF  \\$aPrevious copyright fee: GBP5.00$c0$e19-nov-2007$fGBP5.00$g0$hA$5Uk
=ACF  \\$aPrevious copyright fee: zero$c0$e13-feb-2003$fGBP0.00$g0$hZ$5Uk
=ACF  \\$aBritish Library not licensed to copy$c0$e01-jul-2012$hC$iCLA Excluded$5Uk
=ACF  \\$aBritish Library not licensed to copy$c0$e01-oct-2012$hC$iCFP Excluded$5Uk
=ACF  \\$aBritish Library not licensed to copy$c0$e01-jan-2013$hC$iCFP Excluded$5Uk
=LAS  \\$a7764$b40$c20190704$lBLL01$h1135

